2638 4684
172 325 286 377 cxxxii
472 281 954 374 Puaurtut'o

173 548 259 596 rum
275 521 491 624 postremis,
517 520 566 594 ab
579 519 653 594 hoc
667 518 801 594 ordine
813 517 1016 596 discessum
1035 545 1133 596 esse:
1162 516 1297 619 cujus

174 623 229 698 rei
252 620 359 694 nulla
385 621 459 694 alia
476 646 606 696 caussa
630 635 705 706 est,
730 647 845 722 quam
867 619 973 722 quod
991 645 1054 696 eas
1074 619 1215 704 serius,
1247 638 1308 694 et

176 721 243 796 illo
274 717 426 793 demum
459 737 630 824 tempore
660 721 891 822 acceperim,
932 747 1053 834 quum
1082 715 1163 820 jam
1198 747 1293 794 non

177 819 338 924 amplius
359 819 464 908 loco,
489 847 567 922 quo
588 819 821 908 debuerant,
849 821 964 894 inseri
986 834 1151 924 possent.
1208 821 1294 892 Ea-

178 947 262 994 rum
294 917 452 1020 primam
482 947 504 996 a
534 919 628 994 Viro
659 918 900 994 Nobilissimo
936 945 981 992 ac
1016 917 1291 994 Celeberrimo

177 1015 397 1098 Everhardo
423 1019 588 1107 Ottone‚
625 1016 818 1120 quondam
839 1017 946 1095 Juris
968 1019 1097 1093 Civilis
1128 1043 1174 1090 ac
1204 1021 1292 1090 Pu-

176 1119 267 1194 blici
297 1117 339 1190 iu
365 1117 568 1194 Academia
593 1117 665 1192 hae
691 1115 906 1218 Trajectina
933 1117 1146 1193 Professore
1175 1115 1291 1190 ordi-

103 1242 110 1254 *
179 1217 309 1302 nario,
334 1216 485 1320 Collega
509 1217 766 1304 Amicissimo,
792 1243 899 1292 nunc
925 1217 1106 1322 primario
1132 1217 1291 1318 Reipu-

177 1319 301 1394 blicae
325 1316 535 1392 Bremensis
557 1315 742 1420 Syndico,
766 1317 913 1420 accepi:
949 1314 1158 1392 secundam
1185 1319 1291 1390 Fac-

178 1417 305 1492 ciolati
334 1417 406 1488 Vir
432 1417 709 1492 Celeberrimus
736 1417 903 1491 loannes
930 1418 1115 1504 Polenus,
1161 1443 1290 1519 opera

98 1593 106 1604 ,
177 1517 263 1592 Viri
291 1513 495 1602 Clarissimi
522 1513 624 1590 Petri
650 1513 1007 1590 Muschenbroeckii
1034 1515 1125 1590 olim
1155 1516 1289 1590 Colle-

178 1643 249 1718 gae
288 1615 602 1702 Honoratissimi,
647 1613 800 1688 Patauio
840 1614 1070 1690 transmisit:
1124 1616 1290 1690 tertiam

180 1716 338 1822 Fadrui,
375 1743 454 1790 non
490 1714 616 1790 ubivis
652 1713 820 1802 obviam,
862 1741 980 1815 quam
1014 1731 1128 1790 antea
1167 1741 1289 1788 num-

180 1844 299 1934 quam
323 1811 513 1904 videram,
540 1841 692 1889 mecum
719 1814 1016 1890 communicavit
1038 1815 1110 1892 Vir
1128 1817 1288 1890 Doctio-

180 1941 298 1993 srmus
324 1917 368 1992 N.
396 1913 484 1988 Hos.
524 1914 570 1988 Ei
598 1928 776 2017 quartam
799 1913 834 1988 Si
860 1913 961 2000 onii,
990 1914 1173 2018 operibus
1196 1911 1288 2015 ejus

181 2017 383 2101 insertam,
423 2041 541 2116 quam
563 2003 700 2088 Faerni
726 1939 907 2116 epistola,
942 2013 1007 2089 cui
1033 2015 1097 2089 illa
1124 2037 1287 2117 respon-

182 2113 268 2202 det,
293 2113 499 2188 destitutus
519 2113 740 2200 omisissem,
766 2139 872 2188 nunc
893 2113 1014 2218 ipsam
1033 2131 1168 2188 nactus
1189 2113 1285 2188 sub-

181 2213 306 2319 junxi.
355 2211 430 2287 Ubi
456 2238 547 2290 vero
574 2238 749 2316 quasque
773 2213 990 2288 inserendas
1015 2239 1206 2301 censeam,
1234 2241 1284 2288 ex

184 2315 329 2420 syllabo
350 2339 501 2400 eorum,
539 2339 639 2418 quae
666 2311 739 2387 hoc
767 2328 870 2388 tomo
892 2313 1052 2417 septimo
1078 2312 1285 2388 continen-

185 2432 268 2504 tur,
302 2410 466 2516 patebit:
503 2412 670 2514 singulas
691 2414 793 2491 enim
816 2414 899 2489 loco
919 2437 1008 2502 suo,
1042 2440 1129 2498 nou,
1145 2411 1284 2488 ordine

186 2541 265 2630 quo
289 2515 479 2617 inpressae
502 2527 612 2599 sunt,
641 2511 784 2590 ibidem
808 2511 997 2590 recensui.
1047 2516 1095 2588 ln
1117 2511 1284 2587 Dedica-

187 2614 358 2690 uonibus
389 2628 428 2684 et
458 2610 759 2688 Praefationibus
791 2629 967 2716 tempus,
1009 2640 1096 2716 quo·
1119 2615 1189 2688 scri
1222 2629 1284 2688 tae

188 2729 299 2802 sunt,
332 2738 376 2786 ac
402 2711 568 2814 primum
592 2709 837 2814 prodierunt,
871 2713 1082 2790 observavi.
1132 2639 1284 2788 Indices

190 2829 265 2890 tres
295 2809 394 2887 dedi.
445 2813 594 2895 Primus
628 2828 685 2887 est
712 2817 947 2898 Auctorem,
985 2813 1054 2927 qui
1086 2812 1127 2887 in
1156 2812 1284 2896 Notis,

191 2913 288 2987 Livii
313 2909 438 2986 verbis
463 2909 663 3009 subjectis,
696 2909 972 3002 emendantur,
1006 2913 1283 2998 inlustrantur,

193 3012 253 3086 vel
283 3006 566 3086 defenduntur:
604 3009 794 3086 secundus
815 3012 958 3086 Rerum
984 3029 1022 3088 et
1045 3011 1284 3096 Verborum,

194 3135 295 3212 quae
319 3105 462 3182 ibidem
487 3109 743 3184 inlustrantur
774 3127 813 3184 et
845 3112 1107 3214 explicantur:
1151 3111 1284 3186 tertius

194 3226 250 3284 est
282 3210 423 3281 Rerum
456 3209 785 3298 memorabilium,
823 3209 864 3286 in
896 3211 994 3286 Livii
1030 3211 1284 3286 Historiarum

194 3325 233 3384 et
267 3311 298 3383 F
299 3305 516 3384 reinshemii
537 3309 908 3413 ¹supplementorum
943 3311 1049 3386 libris
1084 3335 1284 3386 occurren·

71 3453 74 3468 ι
196 3406 303 3482 tium.
362 3405 479 3482 Hunc
503 3408 682 3482 ultimum
703 3409 955 3514 bibliopolae,
994 3435 1161 3512 quorum
1185 3411 1283 3526 typis

197 3507 329 3583 Livius
354 3504 490 3582 Clerici
516 3506 729 3612 descriptus
753 3528 827 3602 est,
851 3511 929 3584 suis
955 3509 1143 3586 sumtibus
1165 3525 1201 3584 et
1225 3535 1283 3583 rn-

227 3607 325 3682 ensis
350 3601 432 3681 fieri
458 3625 661 3692 curarunt,
694 3610 949 3686 existimantes
974 3637 1013 3686 se
1038 3635 1082 3684 eo
1108 3608 1185 3712 ipso
1209 3607 1283 3682 uti-

198 3633 298 3782 litati
332 3720 370 3782 et
401 3706 602 3785 commodis
631 3709 832 3785 Lectorum
866 3709 1006 3814 optime
1023 3709 1284 3784 :consulturos

200 3807 346 3882 Verum
376 3804 486 3908 cujus
518 3806 569 3884 ad
599 3806 640 3882 id
665 3835 820 3912 operam
846 3808 1135 3891 conduxerunt,
1168 3806 1283 3882 labori

200 3922 374 4013 suscepto
397 3906 532 4012 inpar,
570 3909 634 3986 rel
658 3909 849 3986 nonsatis
871 3909 1043 3988 animum
1064 3903 1284 3996 adtendens,
