2638 4684
71 315 81 334 ¹
206 301 297 371 am'
440 269 447 294 ¹
515 291 989 378 PRAEFATto
1087 405 1101 420 f

207 544 361 594 censere
392 519 514 620 coepi.
573 523 623 593 Et
655 519 805 618 quidem
842 517 954 592 rerba
986 522 1276 636 ejusprsseipue

207 619 257 692 sd
282 637 440 692 mentem
469 619 639 696 Virorum
667 621 704 689 in
732 636 811 692 orte
835 618 966 692 critice
991 616 1201 721 Principum
1226 623 1276 694 Jo-

205 721 339 792 hsunis
360 718 547 792 Frederioi
575 737 612 790 et
634 719 766 793 Jseobi
793 719 1064 798 Gronoviorum
1091 722 1276 820 exprimere

206 815 407 912 eonstitui3'
438 817 510 892 nisi
542 818 605 891 ubi
639 818 689 891 ub
723 844 848 892 eorum
886 819 1069 892 sententis
1101 821 1277 894 disceden-

207 919 294 992 dum
324 943 407 991 osse
439 919 642 992 auctoritas
667 918 847 990 Mstorum
882 919 1134 1018 persuaderet.
1187 929 1277 990 tnnu·

206 1017 317 1090 meris
338 1007 447 1091 'enim
484 1018 652 1120 pertibus
687 1018 894 1106 editiones,
935 1018 1069 1116 quibus
1101 1019 1157 1089 illi
1189 1043 1277 1117 pree·

207 1117 378 1208 fuerunt,
425 1135 464 1190 et
498 1116 715 1218 praesertim
755 1143 849 1217 quus
884 1117 1049 1192 incubus
1085 1120 1278 1193 Gronovius

208 1215 372 1308 sortivit,
412 1217 566 1314 reliquis
600 1217 772 1292 omnibus
806 1235 997 1318 prosstsre
1024 1216 1132 1312 ,iuter
1156 1219 1278 1290 Doctus

207 1315 373 1408 constat,
412 1335 450 1390 et
481 1319 558 1418 ipse
591 1315 818 1417 experientia
850 1341 973 1389 rerum
1008 1341 1089 1390 esse
1121 1317 1277 1416 comperi.

207 1419 328 1516 Quum
363 1434 487 1490 tamen
523 1416 724 1490 editionem
759 1415 849 1493 viri
872 1415 1111 1492 celeberrimi
1146 1415 1277 1490 ioannis

208 1516 344 1590 Clerici
371 1515 590 1615 quotidiano
621 1515 704 1590 usui
731 1517 848 1616 magis
879 1516 1113 1589 commodam
1140 1541 1219 1588 esse
1240 1517 1278 1584 ri·

138 1632 144 1640 '
207 1616 355 1704 dorem,
393 1615 442 1688 ud
476 1616 556 1714 ejus
589 1616 715 1715 potius
747 1615 974 1714 marginem,
1013 1641 1107 1714 quse
1134 1616 1173 1688 in
1194 1615 1277 1688 Liria

208 1716 482 1790 Gronoriarum
514 1716 745 1789 emendenda
778 1734 907 1806 erunt,
947 1715 1147 1805 adnotavi,
1182 1735 1219 1787 ut
1245 1715 1277 1784 il·

171 1815 283 1888 ·litm
311 1840 333 1886 a
359 1839 415 1887 me
448 1814 709 1918 interpolatum
742 1833 874 1918 postes
906 1817 1153 1916 typographis
1180 1813 1277 1913 expri-

207 1913 1276 2012 WMMMmfflwmmwmfflo

207 2013 347 2087 satione
377 2016 565 2113 jactasse,
601 2038 639 2086 se
670 2021 815 2088 Livium
850 2017 903 2086 ad
936 2021 1084 2088 Joonnis
1119 2017 1276 2105 Frexderici

212 2117 405 2202 arenosis,
441 2121 746 2206 praestantissimi
770 2121 912 2203 critici,
953 2130 1110 2188 mentem
1144 2140 1211 2187 non
1239 2121 1288 2202 is·¹

195 2296 198 2302 ¹
204 2218 359 2303 feliciter
384 2217 562 2304 edidisse,
590 2213 806 2316 etinsuper
828 2242 898 2288 non
921 2229 1068 2288 tontum
1093 2221 1288 2305 eliminasse

209 2317 470 2411 typographico
503 2317 661 2404 menda,
697 2341 791 2408 quoe
824 2330 884 2388 snt
915 2305 1055 2406 multo,
1088 2331 1226 2406 praeter
1247 2339 1277 2381 eo

179 2501 187 2512 ι
212 2442 306 2508 quoe
331 2418 383 2488 ad
408 2421 545 2488 calcem
569 2426 672 2487 erant
694 2429 822 2488 natata
836 2470 847 2506 ,
885 2422 920 2488 in
946 2443 1028 2490 eum
1055 2423 1278 2508 inrepserant,

212 2519 278 2588 sed
304 2531 338 2590 et
359 2519 545 2589 interdum
571 2528 732 2590 veterum
757 2521 989 2589 librariorum
1018 2521 1154 2588 mendo
1179 2538 1278 2586 econ·

153 2611 157 2632 '
210 2631 315 2690 textu
340 2621 493 2690 Liuiano
526 2641 570 2686 ex
604 2620 681 2704 ejus
715 2623 890 2689 sententia
924 2624 1142 2694 sustulisse.-
1182 2619 1279 2687 idia-

211 2717 1279 2810 mnwmmmfflmmmuwwmmnmffl·

213 2823 408 2909 stissima,
451 2824 653 2912 exiguaque
675 2823 897 2904 ,mutatione
935 2842 1025 2910 opus
1060 2829 1164 2907 erat,
1202 2813 1279 2906 quod

214 2933 250 2990 et
275 2943 412 3010 semper
437 2923 473 2990 in
498 2923 634 2990 notulis
660 2923 756 2988 imae
779 2926 932 3012 paginae
957 2923 1129 3007 subjectis
1156 2941 1280 2986 usurus·

214 3025 286 3092 rit:
329 3042 447 3118 enque
478 3033 633 3117 propter
663 3016 845 3120 suspicari
874 3044 951 3092 non
978 3017 1183 3106 audebam,
1217 3038 1287 3098 eun,

213 3115 431 3194 Lectoribus
464 3115 575 3189 verbs
608 3117 696 3190 dere
731 3116 902 3192 voluisse.
962 3123 1101 3194 Verum
1138 3119 1206 3189 huo
1234 3135 1287 3212 aa,

164 3297 167 3306 ,
215 3218 368 3292 sasione
390 3215 638 3316 deprehendi,
665 3243 741 3290 nan
764 3217 875 3314 modo
899 3215 1100 3312 editionem
1123 3220 1200 3314 ejus
1218 3213 1282 3314 plu·

214 3317 318 3392 rimis
344 3317 659 3416 typographorum
688 3315 985 3392 eberrstianibus
1009 3335 1154 3390 scotere
1166 3369 1178 3405 ,
1211 3309 1282 3388 mul·

215 3417 262 3492 tis
283 3417 376 3490 lasis
400 3415 563 3514 integros
589 3441 718 3506 voees,
752 3415 839 3489 slibi
862 3416 973 3506 dues,
1000 3435 1102 3506 tres,
1127 3433 1282 3516 quatuor·

215 3542 260 3592 vs
281 3517 479 3603 continuus
503 3515 695 3608 omisissa3
736 3517 802 3590 sed
830 3517 940 3589 etism
971 3518 1092 3616 ipsum
1122 3541 1170 3588 us
1196 3509 1282 3587 mirsi·

213 3631 312 3690 mum
345 3614 518 3716 quidem,
556 3616 667 3690 immo
695 3616 756 3688 rix
785 3617 963 3690 decimam
992 3634 1134 3716 partem
1163 3635 1280 3694 eorum,

217 3741 314 3816 quoe
354 3715 403 3788 ud
436 3715 574 3790 sulcem
610 3715 732 3788 notari
764 3715 932 3814 neglectu
965 3733 1094 3802 erent,
1138 3709 1281 3790 uuimsd·

215 3817 392 3908 vertisse,
439 3815 591 3916 iusuper
625 3815 738 3887 modo
774 3815 970 3910 lectionpm
1007 3841 1029 3888 e
1061 3813 1280 3896 Gronorisus

216 3913 397 3989 diversum
427 3915 641 4000 admisisse,
672 3914 783 3989 modo
812 3940 984 4016 expresse
1009 3913 1055 3988 ab
1082 3940 1127 3987 so
1151 3912 1280 4022 damna

214 4031 289 4094 tert
314 4039 531 4111 xerosssse,
567 4010 682 4105 modo
709 4013 890 4110 lectiones
912 4014 1092 4093 iohannis
1114 4007 1286 4098 Frederier
