2726 4676
173 238 256 290 xm
469 199 520 286 ·l’
542 208 577 288 R
601 215 636 288 Α
659 215 691 288 E
715 215 744 287 F
770 213 804 286 A
828 210 861 284 Τ
885 211 904 284 Ῑ
928 211 962 286 0

180 344 1297 396 ...........'........-....-.4---—--—--————-·---·-··
1326 343 1327 390 J

47 443 48 448 ’
171 436 379 538 putationis
405 439 556 512 nomine
572 439 726 530 =Vallum
742 481 743 486 =
759 434 943 535 adgrellus
970 431 1022 504 est
1044 429 1304 516 adorandus,

173 561 297 636 coque
327 555 519 637 praetextu
545 563 657 628 usus,
700 543 845 610 Liuium
877 537 1051 604 historiae
1081 535 1304 602 Romanae

128 655 130 658 ’
172 643 360 710 notarium
373 637 521 728 fuitne,
540 657 578 711 et
598 644 679 710 hinc
700 647 852 726 merito,
877 636 1204 726 quemadmodum
1231 635 1307 700 Ci-

173 761 252 834 cero
275 745 402 810 consul
425 745 627 810 Murenam
651 747 845 811 consulent·
866 739 1047 822 defendit,
1075 741 1125 806 aie
1150 755 1193 802 se
1217 755 1306 803 no·

172 844 312 910 tarium
331 844 368 909 T.
386 845 532 910 Liuium
552 839 953 931 notariumdeftndrre
971 839 1110 906 debere.
1137 834 1302 937 ipsum,
1326 909 1327 912 ,

175 938 283 1036 quari
307 936 442 1010 falsum
464 939 556 1012 Livii
582 936 989 1036 dal‘atorcm,²⁸'ac'ripto
1013 934 1153 1007 libello*
1171 933 1301 1034 apud

173 1038 370 1112 Nicolaum
398 1043 442 1114 V.
481 1033 697 1113 Pontificem
725 1045 938 1114 Romanurn
970 1033 1170 1110 accusarit.
1234 1035 1301 1106 Se

173 1156 318 1228 autem,
355 1136 388 1210 ri
412 1140 551 1212 nomen
580 1143 658 1238 ejus
684 1139 783 1214 falso
805 1135 1008 1224 detulillct‚
1043 1134 1091 1208 ad
1112 1158 1298 1232 poenam

118 1235 144 1270 “’
173 1236 324 1312 taliouia
348 1236 579 1316 subeundam
602 1259 771 1342 paratum
794 1236 1011 1323 ostendent,
1038 1236 1165 1336 petiit,
1196 1257 1293 1304 non

174 1336 325 1438 quidem
336 1389 347 1427 ,
386 1339 489 1437 quo'd
518 1356 643 1413 tameu
671 1341 729 1412 lex
760 1339 939 1438 jubebat,
978 1353 1019 1408 ut
1048 1335 1106 1407 rel
1138 1333 1294 1434 eapitis

168 1437 360 1538 aupplicio
379 1437 621 1530 adficeretur,
648 1441 706 1514 rel
726 1436 942 1516 intestabilis
965 1425 1292 1528 elladeoern'ere-

174 1556 256 1626 tur,
284 1537 353 1627 aed
371 1538 519 1637 potius,
545 1558 604 1630 ut,
634 1535 768 1613 omitto
781 1546 880 1630 juria
903 1534 1118 1630 contigere,
1140 1538 1292 1634 'mitiur
1326 1567 1327 1580 κ

176 1645 213 1709 in
234 1663 320 1709 eum
342 1642 672 1733 animaduerteret,
699 1650 731 1713 ti
753 1645 822 1713 hac
848 1645 1038 1730 clementia
1062 1633 1106 1706 ee'
1122 1637 1289 1728 dignum

113 1725 121 1753 '
179 1742 337 1809 reddent
360 1741 523 1827 primum
546 1747 648 1813 Livio
661 1795 673 1831 ,
704 1767 813 1834 quem
835 1741 1034 1832 offenderat
1054 1739 1289 1806 damnarat-

182 1858 249 1932 que
261 1889 274 1928 ,
303 1843 556 1930 satisfaceret,
583 1845 819 1914 retractando
839 1845 1002 1933 publice,
1031 1833 1286 1930 qua'e‘con'tra
1326 1859 1327 1864 ¹

132 2013 134 2021 ,
181 1963 265 2011 eum
287 1945 495 2031 scripserat,
533 1965 641 2034 reque
655 1945 758 2030 saiso
779 1947 887 2014 illum
909 1943 1041 2012 erroris
1062 1935 1287 2010 insimulat-

181 2063 219 2110 ae
231 2041 472 2131 profiteretur.
497 2042 579 2116 Nisi
592 2044 688 2116 enim
698 2043 888 2131 Nicolaus,
909 2065 1020 2140 quum
1031 2033 1159 2138 pollet,
1172 2035 1285 2108 haud

105 2172 111 2184 ¹
181 2140 414 2214 tolerandam
437 2143 536 2215 hanc
556 2141 814 2241 ignominiam,
845 2167 919 2242 qua
936 2140 1060 2212 Livius
1079 2134 1183 2208 nullo
1207 2145 1316 2207 auo*

84 2307 87 2314 .
183 2239 318 2326 marito
337 2240 506 2315 adiectus
523 2261 614 2332 erat,
642 2243 688 2317 ab
707 2269 753 2317 eo
770 2241 1022 2346 propulsaret,
1049 2242 1282 2325 Patauinum

184 2346 294 2423 illum
322 2343 366 2411 de
386 2347 461 2431 ipro
485 2345 594 2432 apud*
609 2369 756 2436 campos
777 2349 929 2439 Elysios
957 2353 992 2411 et
1022 2363 1176 2410 amoena
1200 2341 1283 2425 pio·

185 2465 268 2512 rum
292 2448 442 2514 concilia
464 2435 705 2534 questurum..
745 2447 914 2531 Grimcn,
941 2441 1047 2540 cujus
1066 2437 1217 2510 nomine
1236 2435 1281 2506 in
1326 2469 1327 2478 κ

184 2544 244 2642 jua
264 2541 487 2630 vocabatur,
520 2543 678 2618 edoctus
700 2545 809 2620 Vallo
831 2543 871 2616 id
891 2539 1033 2638 negotii
1061 2535 1189 2630 amicis
1210 2533 1282 2608 de-

186 2640 252 2728 dit,
279 2657 321 2713 ut
339 2641 590 2714 accusationis
615 2645 715 2744 apud
735 2644 931 2718 Nicolaum
943 2637 1196 2716 V.‘iullitatae
1213 2661 1281 2708 ex·

187 2738 328 2840 amplat
349 2740 419 2813 sibi
441 2739 665 2816 obtinerent.
715 2745 789 2844 Qui
808 2737 921 2844 auum
942 2741 1078 2812 lentius
1102 2753 1279 2838 agerent,
1326 2793 1327 2802 ,

188 2856 225 2910 et
250 2838 477 2937 aliquamdiu
501 2841 590 2912 nihil
616 2842 860 2943 praestarent,
886 2833 1279 2940 triumphurnsoaneus

188 2939 390 3012 Morandus
415 2939 463 3012 ad
481 2941 662 3016 Jacobum
684 2947 857 3031 Gratum,
891 2937 1173 3014 Bononienlium
1193 2940 1278 3009 Ro·

65 3069 77 3090 ⁴
189 3060 271 3108 mae
291 3037 449 3136 legatum
462 3093 474 3130 ,
507 3065 615 3138 quern
638 3043 734 3114 bene
755 3043 802 3116 dc
825 3043 931 3118 Valla
954 3040 1092 3112 sentire
1114 3056 1151 3112 et
1169 3035 1279 3134 loqui
1326 3075 1327 3084 =

189 3135 379 3224 audierat,
416 3165 462 3212 ac
485 3139 655 3230 dolebat,
689 3141 813 3215 literas
836 3142 909 3242 ipsi
930 3139 1060 3216 Vallae
1083 3137 1278 3209 ostendeu-

190 3236 255 3308 das
283 3236 407 3325 dedit,
443 3238 577 3338 quibua
604 3267 686 3337 aum
716 3267 736 3314 a
763 3268 804 3315 aa
829 3246 964 3316 victum
987 3241 1276 3334 damnatumque

188 3334 260 3408 alle
276 3337 388 3410 ctiam
410 3339 574 3413 carmine
595 3341 836 3438 gloriabatur.
894 3339 992 3414 Hinc
1014 3365 1071 3411 ma
1100 3339 1130 3412 ia
1154 3335 1274 3409 irrita-

188 3453 247 3505 tua
266 3435 376 3511 Valla
395 3434 581 3512 hominem
592 3491 603 3529 ,
647 3467 764 3542 panes
801 3465 909 3542 quem
946 3365 1133 3516 Moranli,
1157 3435 1274 3508 codex

189 3533 258 3604 ell'c
288 3534 501 3626 dicabatur,
536 3539 627 3614 adiit
637 3568 650 3634 3
687 3567 809 3642 eoque
832 3541 1051 3640 impetrato,
1082 3563 1190 3636 quum
1215 3533 1273 3605 in·
1326 3543 1327 3550 ’

189 3632 295 3705 terim
328 3637 401 3730 jam
426 3636 585 3712 Nicolao
615 3640 745 3739 quinto
776 3657 924 3714 mortuo
952 3639 1113 3713 Galixtus
1143 3634 1272 3710 tertius

188 3731 377 3807 aubleotua
403 3734 511 3826 ellat,
546 3738 620 3838 ipsi
652 3743 830 3842 opposuit
858 3739 1020 3840 priorem
1046 3734 1272 3811 Confutatio-

190 3857 296 3927 nam,
325 3859 399 3934 qua
419 3835 540 3933 primo
563 3838 688 3914 ridens
708 3841 921 3942 respondit,
951 3837 1163 3912 adversario
1183 3847 1271 3936 poe-

190 3955 274 4004 nam
296 3958 372 4006 uon
393 3951 536 4010 tautum
558 3939 732 4029 talionis,
768 3941 835 4014 aed
857 3939 966 4013 etiam
986 3937 1109 4010 luccae
1128 3936 1192 4012 reli
1216 3935 1270 4007 io·

143 4143 145 4148 Ι
189 4030 249 4107 uia
269 4033 491 4110 Christianae
518 4053 555 4112 at
583 4040 780 4142 majestatis
806 4039 1019 4145 pontificiae
1046 3959 1269 4112 subeundam
