2726 4676
291 322 884 398 Anassctonent.
1048 347 1214 431 arzere¹

99 553 150 652 qai
167 551 241 624 olim
259 551 400 628 leirianr
429 579 515 628 aum
536 546 849 624 Aaaatetiaaihae
871 550 947 624 anie
971 549 1150 636 ediderat,

96 673 125 724 et
142 653 320 728 nieman
343 649 528 754 eaperstee
552 673 670 724 aanor
692 649 911 740 admodum,
946 675 1023 724 non
1046 667 1148 722 octo·

94 747 192 848 gint‘a',
228 769 264 824 at
283 753 462 852 Sigonius
492 749 672 838 eredidit,
711 751 777 822 aed
808 750 933 850 potine
961 749 1150 848 eexeginte

94 869 209 950 reptem
226 851 280 924 rel
300 871 391 928 oeta
412 870 521 926 natae
546 866 634 922 erat.
685 849 745 924 Ad
763 851 861 924 hano
878 851 1078 948 Herragiae
1093 849 1147 919 Li·

93 953 171 1020 rina
187 951 321 1047 sigonii
347 977 371 1026 a
396 951 501 1052 prelo
526 963 710 1022 recentem
738 949 887 1022 mitteaa
913 949 1021 1024 eiaral
1041 973 1148 1048 raga-

91 1067 154 1136 rat,
176 1066 213 1121 at
231 1076 332 1126 enam
353 1052 404 1128 de
424 1053 507 1149 ejue
523 1045 683 1123 Sabellio
706 1047 884 1145 judicium
904 1073 1029 1122 secura
1049 1071 1149 1122 aera·

91 1148 288 1250 mpaieerete
340 1153 451 1250 eajae
496 1145 666 1251 petitioni
711 1146 842 1221 eodem
887 1148 1007 1220 adhue
1052 1171 1150 1220 anno

90 1253 221 1321 elatam.
244 1275 312 1350 per
335 1251 463 1324 literae
486 1245 686 1336 satisfecit,
720 1271 812 1344 qaae
836 1245 933 1320 inlea
955 1248 1027 1320 hoo
1048 1263 1150 1320 tomo

91 1348 207 1440 sigonii
248 1343 454 1424 reefetiani
475 1345 659 1445 aabjunxi.
709 1350 764 1419 Ex
782 1345 828 1418 iie
850 1345 996 1419 abunde
1014 1343 1149 1419 intelli·

92 1445 120 1536 gi
143 1373 259 1540 poted,
294 1446 391 1544 quid
419 1446 457 1518 in
479 1443 633 1544 Sigania
663 1443 908 1546 culpandum,
942 1461 979 1517 et
1007 1443 1045 1516 ia
1073 1467 1149 1560 pao

92 1541 230 1638 injuriam
252 1543 301 1616 ab
326 1569 375 1618 ea
400 1543 474 1620 eibi
495 1543 630 1615 laetam
654 1543 724 1614 elle
746 1543 942 1616 aeneaerit.
982 1545 1150 1617 Proxime
1177 1599 1183 1617 ,

91 1639 153 1736 poll
166 1641 404 1731 Glareaaam,
446 1640 638 1740 Sigaaium
662 1637 846 1738 adgrellue
866 1641 916 1712 eli
934 1641 1150 1716 Franeieeae

90 1739 322 1830 toletanus,
357 1742 405 1817 de
428 1767 504 1840 quo
522 1739 604 1814 'rira
623 1738 784 1814 Palladia
807 1739 950 1814 nostrae
971 1741 1149 1838 Teejeeti·

89 1859 143 1906 aee
159 1837 264 1915 deone
286 1859 326 1914 et
350 1857 611 1915 ornamentum
630 1841 688 1914 la.
709 1841 845 1938 Georg.
863 1839 1039 1916 Graevius
1058 1839 1148 1914 illud

89 1933 154 2006 tulit
176 1939 348 2035 jadiaiam
377 1940 417 2012 ia
439 1938 599 2012 Praelet.
630 1955 718 2042 tera.
740 1967 775 2012 er.
811 1939 993 2014 'I'heteuei
1019 1939 1147 2038 Aneiq.

88 2037 219 2110 Roman.
246 2065 332 2111 earn
362 2053 535 2131 perpetuo
563 2046 597 2110 in
624 2061 747 2110 omne-t
774 2061 864 2112 tuae
887 2045 1150 2130 superiorisque

86 2143 257 2214 memoriae
284 2142 454 2214 nominet
480 2142 642 2214 eruditae
669 2144 922 2212 malevolentia
946 2143 1150 2232 retineam,

86 2247 113 2301 et
131 2245 245 2311 canina
269 2242 442 2331 eaodem
465 2243 655 2330 efferatam
681 2251 830 2312 cunetae
854 2243 1070 2317 adlatrandi
1092 2265 1150 2312 ro·

85 2337 128 2404 bie
147 2345 228 2410 nolli
253 2347 474 2432 pepercisse,
508 2343 573 2414 ted
601 2363 639 2412 ee
665 2345 768 2434 longe
795 2343 973 2436 doctiores
995 2343 1152 2435 indignis

85 2440 337 2532 moditerrania
374 2435 481 2514 Zoilo
515 2445 780 2516 mordaciorem
813 2447 1032 2524 insectatum
1063 2464 1150 2514 eoae.
1305 2458 1308 2467 ·

85 2537 166 2609 later
180 2540 274 2616 hana
293 2559 333 2615 et
348 2541 543 2640 sigonium
567 2543 637 2614 'ara
658 2539 747 2614 alim
762 2537 844 2614 litet
864 2559 969 2616 ortae
982 2539 1150 2634 luerent,

87 2659 182 2728 qaae,
211 2665 254 2712 ex
272 2642 426 2758 patrie,
457 2658 498 2714 at
519 2665 563 2714 ee
578 2656 633 2729 et,
661 2638 776 2712 initiia
801 2656 933 2729 natae,
959 2639 1152 2742 paullatim

86 2739 202 2832 magale
223 2765 435 2812 ammarum
457 2739 618 2814 metibor
639 2737 820 2812 exercitae
842 2757 948 2827 eant,
982 2763 1150 2838 praeeat·

87 2832 135 2904 tin
149 2837 333 2939 postquam
352 2839 496 2938 Sigaaii
514 2839 553 2912 ia
567 2837 708 2912 aiviuoa
727 2837 877 2914 Scholia
895 2837 995 2940 typie
1016 2863 1150 2912 arcaea

87 2929 219 3010 luerunt.
269 2938 517 3014 Rebar-tollae
545 2937 644 3012 enim
668 2937 726 3010 rix
753 2935 904 3011 biennio
928 2939 1151 3036 interjecta,

84 3035 164 3104 enno'
193 3041 396 3113 elalaoru.
435 3039 576 3113 Patavii
604 3035 714 3112 timul
742 3037 859 3110 edidit
892 3037 1072 3138 apaaoala
1103 3038 1150 3111 de

85 3131 326 3212 convenientia
357 3137 643 3244 Sappatetioaie
670 3137 843 3210 Livianae
876 3163 959 3210 eura
991 3139 1150 3212 Maema-

82 3229 167 3306 eibue
184 3237 367 3312 Romania
378 3289 392 3327 ,
418 3257 456 3314 et
476 3238 525 3313 de
541 3243 632 3313 Arte
655 3235 731 3309 eive
753 3237 912 3312 Ratione
940 3235 1150 3334 corrigendi

84 3331 296 3430 antiquaram
319 3335 441 3413 libror
454 3389 465 3425 ,
500 3354 539 3411 et
561 3337 713 3438 insuper
740 3337 834 3410 duae
859 3337 1150 3425 Annotationpm

82 3427 145 3500 rire
160 3435 467 3510 Emendatioaam
491 3436 632 3528 librae,
666 3435 704 3508 in
726 3435 862 3534 quibua
884 3433 1022 3538 partim
1044 3435 1150 3533 Siga-

83 3527 126 3598 aii
142 3532 418 3635 chronologiam
440 3535 629 3611 Lirieaam
657 3535 883 3624 convellere,
917 3533 1052 3632 partim
1072 3536 1152 3632 ejue

84 3633 341 3710 emendationes
368 3654 407 3709 et
435 3639 694 3736 aaajeoturae,
730 3637 769 3706 ia
793 3633 956 3710 Soholiie
980 3635 1152 3736 proposi-

86 3741 147 3816 tae,
168 3733 335 3814 refellere
360 3753 518 3810 aonatae
541 3735 612 3826 est,
637 3753 675 3810 et
697 3733 850 3835 inruper
870 3734 935 3810 lib.
956 3761 993 3806 n.
1018 3737 1152 3808 Emen-

87 3823 138 3898 dat
164 3857 236 3932 eap.
254 3861 358 3908 mr.
383 3835 581 3933 jactitarit,
612 3839 824 3932 Signatum,
849 3839 939 3906 darn
968 3857 1037 3907 raa
1061 3857 1153 3906 aeae

87 3941 130 3996 eet
148 3933 276 4015 jndicio
307 3941 346 4006 in
376 3937 606 4008 emendanda
628 3941 728 4010 Livia
741 3987 751 4022 ,
789 3961 858 4008 non
880 3941 984 4008 illam
1006 3937 1153 4026 quidem

88 4035 291 4121 emendante,
327 4037 398 4108 aed
421 4041 882 4129 eorrupieeeinplaribne,
919 4059 1030 4126 qoam
1056 4041 1154 4106 mille

91 4139 300 4214 arescentia
334 4141 373 4212 in
404 4141 515 4232 looie,
558 4141 657 4234 qaod
684 4141 890 4236 propediem
919 4137 1153 4232 patefaceret.
