2638 4684
175 319 267 370 um
475 293 953 368 PRAEFATIO

178 537 215 594 et
240 538 363 594 tamen
389 543 434 589 ex
458 543 499 590 re
524 523 724 591 Lautorum
751 519 818 606 ait,
858 535 999 590 utnon
1025 517 1297 615 interruptam

24 717 27 726 ¹
178 646 300 696 rerum
327 645 349 692 a
370 617 549 692 Romania
575 615 755 717 gestarum
782 616 916 692 seriem
938 615 1194 718 aprimordia
1213 619 1297 691 Ur·-

179 721 238 796 bis
268 719 444 794 cundiam
477 745 595 817 usque
626 719 675 792 ad
707 720 809 792 illurn
843 745 981 790 annum
1008 717 1198 806 habeant,
1239 717 1290 790 ad

182 846 290 922 quem
312 822 435 892 Livius
465 819 596 918 populi
626 818 724 892 illius
753 817 831 893 fata
860 817 1049 892 narrando
1078 817 1173 891 olim
1201 842 1289 917 par·

182 921 307 1006 duxit,
341 917 528 993 laudabile
562 917 807 1016 quorumdam
841 918 1013 992 Virorum
1047 921 1288 1006 Doctorum,

184 1021 249 1120 qui
276 1017 481 1122 principem
507 1016 687 1091 Historiae
713 1023 905 1092 Romanae
933 1017 1167 1118 Scriptorem
1200 1040 1293 1090 asa

183 1119 415 1218 recognitum
443 1116 567 1216 paullo
595 1135 683 1190 anta
710 1143 769 1192 me
795 1117 870 1191 luci
898 1116 1072 1218 publicae
1096 1140 1295 1216 exposua·

183 1235 289 1308 runt,
316 1243 418 1292 axem
447 1217 521 1289 lum
546 1216 712 1292 imitatus
734 1244 833 1306 sum,
869 1235 906 1290 et
927 1217 1110 1292 Johannia
1131 1217 1293 1290 Freins-

135 1374 138 1382 .
184 1319 296 1392 hamii
315 1244 602 1418 Suppiemanta,
632 1317 768 1416 quibus
788 1335 847 1391 tot
867 1315 1045 1392 librorum
1062 1315 1179 1406 nivii,
1210 1341 1290 1388 ma·

186 1422 283 1492 ximo
311 1419 500 1491 literarum
528 1415 665 1491 damno
690 1419 803 1492 hodie
831 1416 1129 1517 deperditarum,
1164 1419 1290 1515 jactu·

186 1545 264 1594 ram
296 1518 328 1592 ai
358 1544 435 1600 non
466 1541 733 1616 compensare,
774 1535 875 1592 carte
908 1517 1036 1616 aliquo
1069 1515 1186 1592 modu
1219 1515 1308 1588 mia

185 1645 301 1692 nuere
329 1635 486 1692 conatus
508 1615 579 1706 ast,
614 1618 691 1690 suis
716 1615 811 1690 lonis
836 1615 986 1690 inserui.
1038 1620 1129 1716 Ejus
1155 1617 1286 1717 operia

185 1720 350 1819 priorem
385 1734 549 1818 partam,
596 1741 707 1816 quam
744 1716 849 1792 libris
880 1715 975 1788 Livii
1010 1718 1215 1806 undecimo
1251 1731 1288 1788 et

187 1845 318 1892 novem
358 1813 600 1915 sequentibus
641 1815 774 1890 amidis
804 1813 1012 1906 substituit,
1058 1818 1162 1890 visua
1202 1817 1285 1917 ipsa

186 1917 459 1992 Freinshemius
478 1915 605 1988 edidit.
659 1915 870 1990 Secundam
892 1934 1050 2018 partem,
1076 1940 1176 2017 quae
1195 1941 1286 1990 eon·

187 2019 281 2092 tinet
319 2015 454 2090 librum
489 2013 810 2134 quadragesimum
840 2031 981 2135 sertum
1000 2034 1064 2134 'et'
1082 2031 1284 2133 aequantes

138 2253 142 2262 -
188 2114 928 2316 2:333„,⁰‘¹q„¹{3.3232¹2h33⁰:}fi{;„¹¹31,
945 2113 1285 2314 ii'fh’siihii?

189 2315 332 2392 ratione
364 2315 556 2404 instructa,
589 2315 717 2414 paullo
740 2315 821 2416 post
840 2313 980 2389 obitum
1004 2319 1083 2413 ejus
1104 2316 1143 2390 in
1165 2315 1285 2388 lucem

105 2474 107 2492 .
190 2418 343 2519 prodire
369 2414 546 2519 potuerit.
596 2415 760 2490 Tertiam
781 2429 943 2517 partem,
979 2415 1054 2490 sire
1078 2413 1199 2490 libros
1221 2438 1287 2486 no·

191 2517 419 2616 nagesimum
453 2532 594 2588 sextum
624 2532 663 2587 at
687 2515 855 2614 reliquos
878 2540 996 2614 nsque
1021 2515 1068 2588 ad
1093 2509 1285 2589 centesimi

193 2615 466 2716 quadragesimi
483 2616 558 2688 aire
573 2614 691 2687 ultimi
706 2615 825 2702 finem,
845 2613 890 2688 ab
904 2615 1127 2688 haeredibus
1139 2613 1285 2689 Freins-

193 2717 375 2790 hemiania
401 2717 629 2802 redemtam,
656 2714 719 2787 diu
747 2713 871 2816 postea
892 2716 1109 2816 Doujatius‚
1144 2714 1285 2788 Livium

194 2817 234 2890 in
257 2817 369 2890 haum
395 2811 621 2888 serenissimi
643 2814 846 2916 Principia,
884 2813 1059 2917 Delphini
1085 2814 1286 2902 Francius,

195 2915 494 3018 edens,··primus
516 2937 561 2984 ax
578 2912 741 2986 tenebris
766 2913 950 3014 produxit.
1001 2918 1059 2988 De
1079 2939 1196 3016 opere
1217 2915 1287 2985 hoo

196 3014 372 3089 universo
404 3014 493 3088 lieet
523 3011 575 3087 ita
602 3013 821 3105 existimem,
862 3011 1104 3088 Freinshemii
1138 3011 1286 3113 ingenio

197 3141 243 3193 ec
261 3113 381 3202 fama,
414 3138 488 3212 qua
513 3112 615 3186 virus
638 3113 786 3204 floruit,
822 3113 1061 3214 digniss'rmum
1084 3115 1175 3205 ess'e,
1213 3138 1287 3185 um·

199 3213 1288 3412 23:23.{hh'dh'f‘hh31³?hi's'33d²¹2¹h:‘³2233

202 3440 269 3504 ao,
304 3412 487 3512 quosdam
507 3413 542 3485 ei
561 3361 698 3488 naaion
717 3413 850 3503 inedie,
881 3411 933 3486 ita
955 3431 1078 3488 tumen
1105 3434 1146 3487 nt
1171 3343 1286 3488 niulta

201 3511 527 3616 perfectioraaint,
556 3536 714 3609 quorum
725 3512 882 3586 editioni
894 3513 973 3614 ipse
984 3513 1158 3615 praefuit,
1180 3533 1287 3614 quam

204 3639 302 3714 quae
329 3609 409 3715 post
436 3629 592 3686 mortem
618 3611 785 3712 parentia
811 3613 1053 3713 prodierunt,
1090 3625 1287 3711 antequam

203 3711 358 3815 politius
389 3709 516 3786 limera
545 3707 710 3786 ultimam
746 3715 827 3813 ejua
859 3738 1006 3790 manum
1037 3713 1137 3816 pass'a
1171 3723 1283 3785 erant.

204 3811 376 3904 certain
402 3812 522 3911 prima
573 3828 652 3886 arte
677 3813 882 3912 quaedam,
915 3813 979 3890 aed
1001 3839 1138 3914 pauca,
1173 3813 1210 3887 in
1232 3831 1286 3882 se·

205 3915 338 3986 eunde.
357 3928 395 3986 et
425 3835 667 4010 tartiaionge
694 3911 802 4012 plura
831 3913 1046 4006 observari,
1084 3937 1181 4013 qnae
1210 3906 1285 3981 stilo

205 4012 300 4088 Livii
324 4030 362 4087 et
384 4011 595 4114 aequalium
624 4012 846 4115 scriptarum
868 4012 1286 4114 convenire-nequeunt.
