2726 4676
189 327 257 378 m
409 255 425 408 f
489 263 1010 398 ,redacturos

93 523 97 542 '
189 529 416 632 ineumdern
432 533 573 605 Livium
592 531 827 634 prodierunt.
879 537 914 606 Is
939 549 1060 604 nutem
1081 551 1121 605 ut
1135 532 1233 606 ‘nivii
1256 559 1298 605 e·

176 632 306 706 'dendi
327 633 523 708 consilium
546 651 697 733 caperet
709 685 721 722 ,
745 633 825 704 ‘hac
848 631 965 704 cauffo
979 627 1177 730 'permotus
1199 633 1296 706 fuis·

192 759 233 806 se
256 733 430 808 creditur.
482 739 594 806 Anno
624 740 828 804 cloluxuvr.
859 735 1002 804 Romae
1028 731 1067 802 in
1092 733 1178 830 ipso
1205 733 1298 804 foro
1331 749 1332 776 t

41 907 47 918 ,
191 837 367 908 Romano
391 830 514 905 effoll'a
537 831 685 903 fuerant
710 831 890 931 quaedam
917 848 1082 904 reterum
1101 832 1298 918 Fastorum

191 931 440 1006 marmoribus
470 931 743 1031 insculptorum
772 929 1002 1025 fragmenta,
1042 956 1161 1029 quaa,
1197 957 1298 1030 quo·

191 1031 329 1106 tumvis
348 1056 529 1105 annorum
549 1055 710 1128 summos
729 1030 958 1128 magistratus
979 1046 1016 1102 et
1035 1048 1141 1104 actos
1160 1031 1297 1102 trium·
1331 1053 1332 1126 Ῑ

192 1131 290 1232 phos
305 1130 361 1224 ,ab
381 1131 473 1203 urbe
496 1131 654 1205 conditu·
674 1131 723 1204 sd
743 1147 898 1218 mortem
920 1129 1071 1226 Augusti
1093 1131 1295 1206 continen-

191 1232 262 1317 tia,
295 1231 460 1332 auspicio
485 1230 692 1310 cardinalis
715 1228 917 1304 Alexandri
937 1227 1098 1309 Farnefii
1120 1231 1157 1300 in
1178 1231 1295 1328 Cupi·
1331 1253 1332 1262 ¹

191 1329 287 1404 tolio
309 1330 477 1431 exposita
495 1347 592 1404 sunt.
643 1336 716 1417 Ea,
744 1328 895 1430 quaein
916 1328 989 1410 illis
1003 1345 1212 1428 temporum
1233 1333 1295 1400 in·
1331 1357 1332 1370 ¹

190 1430 288 1528 juria
305 1431 510 1532 perierant,
536 1431 685 1503 aliunde
703 1429 904 1530 supplere)
924 1445 961 1500 et
980 1431 1106 1500 omnia
1121 1429 1295 1502 inlustre-

159 1533 161 1539 ’
191 1555 234 1604 re
254 1555 339 1600 mox
359 1529 500 1630 incepit
513 1530 702 1628 Sigonius,
729 1519 835 1625 cujris
855 1530 1149 1603 Commentarius
1171 1529 1207 1596 iu
1220 1533 1297 1596 Fa·

190 1627 265 1700 lios
288 1629 512 1704 Consulares
536 1617 856 1730 ec'Triumphales
881 1628 1038 1725 primum
1061 1623 1201 1721 prodiit
1225 1651 1297 1697 an·

191 1751 243 1798 no
261 1733 398 1802 clalon.
449 1733 504 1820 ltu
523 1725 596 1797 hoc
615 1727 746 1794 labore
766 1722 906 1810 didicit,
934 1749 1002 1821 per
1021 1723 1085 1795 ilie
1103 1722 1296 1822 fragmen·
1331 1721 1332 1734 ¹

140 1909 147 1920 .
190 1840 242 1912 ta,
271 1823 440 1922 quemvis
459 1822 595 1924 lacera,
620 1823 804 1920 egregiam
825 1840 949 1894 temen
968 1822 1090 1912 iucem
1114 1823 1215 1893 omni
1235 1825 1295 1894 hi·
1331 1829 1332 1876 ἶ

191 1921 326 1994 floriac
345 1927 537 1996 Romanae
559 1923 737 2013 accendi,
774 1945 977 2018 eorumque
997 1921 1112 1993 ductu
1134 1923 1171 1992 in
1194 1924 1295 1993 scri-

190 2021 365 2121 ptoribus
395 2023 578 2122 antiquis,
612 2021 781 2122 inprimis
805 2045 894 2094 vero
915 2022 953 2092 in
974 2020 1096 2107 Liuio,
1131 2026 1295 2122 propria

190 2121 464 2218 magistratuum
489 2121 745 2220 aliorumque,
782 2135 942 2220 qnorum
965 2119 1124 2194 subinde
1147 2123 1294 2194 mentio

191 2221 376 2308 occurrit,
403 2221 574 2311 nomina,
603 2238 1026 2321 praetercntemporum
1046 2237 1084 2291 et
1103 2245 1295 2296 annorum

191 2337 322 2418 notas,
348 2321 410 2394 vel·
429 2323 610 2420 majorum
632 2309 864 2420 ignoradtia,
891 2320 948 2393 vel
966 2319 1201 2394 librariorum
1226 2346 1294 2396 so-

191 2420 321 2493 cordio
349 2421 658 2520 corruptissimas,
681 2422 883 2518 'emendari
913 2445 957 2492 ac
986 2419 1160 2520 pristinae
1190 2420 1293 2492 into·

190 2519 316 2615 grita'ti
340 2517 477 2592 restitui
497 2520 616 2620 pollet
654 2520 872 2618 praesertim
897 2520 928 2592 ai
957 2519 995 2590 in
1020 2519 1195 2592 auxilium
1219 2522 1293 2593 ed·
1331 2541 1332 2550 ’

190 2637 414 2692 vocarentur
436 2619 522 2706 alii,
550 2617 614 2716 qui
635 2620 784 2718 plurimi
806 2636 1042 2719 supererant,
1071 2619 1215 2718 lapides
1242 2620 1293 2691 li-

190 2719 302 2790 terati
323 2737 360 2792 et
380 2719 520 2790 nummi
539 2717 710 2792 Romani.
764 2721 910 2819 Operae
933 2717 1045 2815 igitur
1064 2720 1225 2817 pretium
1245 2743 1293 2795 se

191 2815 379 2908 facturum
406 2818 639 2907 existimavit,
686 2817 719 2890 si
749 2819 807 2892 his
837 2819 1034 2917 praesidiis
1066 2817 1292 2910 abundans,

184 2917 331 3014 'quibus
363 2919 509 3017 priores
540 2916 621 2994 Viri
648 2917 761 2991 Docti
793 2936 1007 3007 caruerant,
1044 2919 1110 3016 qui
1140 2919 1294 2996 Livium

89 3044 96 3056 ⁸
189 3017 476 3092 Commentariis
517 3017 775 3107 inlustramnt,
820 3017 902 3118 ipsa
935 3043 1085 3118 quoque
1117 3019 1296 3096 eumdem

189 3135 427 3210 recenseret,
463 3131 501 3190 et
524 3119 790 3215 novnmthujus
811 3117 974 3192 historici
996 3117 1198 3192 editionem
1222 3145 1297 3194 cu·

189 3233 302 3290 roret.
354 3221 438 3292 Hoc
462 3218 656 3292 confilium
676 3235 718 3290 ut
739 3233 846 3294 tanto
868 3218 1000 3291 melius
1022 3217 1174 3319 exsequi
1195 3243 1296 3318 pos·
1331 3247 1332 3262 ²

189 3332 267 3403 set,
301 3342 385 3390 mox
409 3317 542 3392 eodem
571 3341 779 3392 convocare
808 3319 934 3419 coepit
956 3318 1130 3392 diuturna
1155 3317 1296 3392 obaer-

188 3417 338 3490 vatione
363 3414 585 3516 adquisitam
610 3424 860 3492 Romanorum
890 3415 1163 3515 antiquitatium
1188 3421 1297 3519 peri.

187 3513 296 3605 tium,
332 3517 467 3592 deinde
494 3517 750 3592 historicorum
774 3520 1002 3594 Graecorum
1024 3517 1162 3608 libros,
1198 3545 1295 3618 par-

187 3614 254 3686 tim
285 3617 451 3716 proxime
480 3619 581 3720 typis
610 3617 812 3719 inprell‘os,
849 3617 984 3720 quibus
1009 3645 1049 3692 se
1073 3619 1292 3696 destitutum

188 3715 260 3786 ess'e
286 3718 494 3792 Glareanus
522 3737 631 3820 antea
655 3716 801 3820 questus
825 3718 969 3806 fueret,
1005 3720 1140 3821 partim
1160 3719 1292 3798 adhuc

186 3819 481 3917 manuscriptos,
510 3845 554 3896 ac
574 3819 724 3892 tandem
747 3818 865 3892 r'arios
885 3819 1002 3919 ipsius
1017 3819 1108 3892 civit
1129 3820 1291 3894 codices

188 3914 334 3989 calamo
356 3935 536 3995 exaratos.
587 3921 653 3996 His
674 3919 847 3992 omnihus
865 3919 1034 3996 subsidiis
1052 3919 1201 4018 adjutus
1222 3913 1290 3990 Li.
1331 3951 1332 3966 κ

187 4013 285 4088 rium
309 4042 330 4089 a
352 4019 646 4094 commandatum
668 4039 767 4091 anno
791 4025 961 4094 ololonv.
1010 4018 1178 4094 Venetiis
1202 4019 1290 4092 edi·

187 4113 243 4192 dit
269 4141 386 4223 opere
412 4118 517 4198 Pauli
547 4117 723 4215 Maeotii,
756 4119 845 4197 Aldi
874 4116 960 4213 filii,
998 4119 1108 4226 sique
1135 4119 1289 4210 eddidit
1331 4175 1332 4192 Ν

436 4541 457 4610 t
