2726 4676
196 233 271 281 nu
490 203 1020 296 PRAEFATPO'

171 436 298 537 ¹piar,
335 463 380 512 ex
404 463 479 542 quo
505 442 684 512 Erasmus
709 434 819 509 nobis
842 439 1042 516 editionem
1062 443 1165 520 illam
1182 467 1301 544 para·
1329 465 1330 480 ³

190 537 270 626 uit,
314 536 524 613 destitutum
553 537 659 612 fuiss'e
690 535 835 612 videtur
865 537 992 638 aliqua
1019 542 1138 644 ipsius
1162 543 1301 622 vallae

152 653 157 676 ·
195 629 449 738 praefatione,
476 663 600 738 neque
618 662 664 711 ea
681 636 721 710 in
740 636 822 711 aliia
842 638 969 740 postea
989 644 1193 743 publicatio
1216 642 1304 716 edi·

196 737 361 814 tionibus
380 736 490 824 absia
511 725 571 812 eii.
625 747 706 840 lpse
727 755 850 812 tamen
872 740 980 834 Valla
1003 743 1038 814 ei
1058 743 1303 844 prooemium

58 853 60 866 ·
197 837 357 930 addidit,
385 857 422 913 et
439 864 487 920 ,er
506 865 552 912 eo
575 840 766 938 quaedam
780 837 945 914 laudarit
964 840 1059 916 locis
1081 845 1194 918 modo
1217 867 1303 916 me-

68 953 71 969 ·
195 939 361 1013 moratis.
401 941 522 1040 Quum
544 957 668 1013 autem
684 938 790 1016 Valla
810 939 850 1012 iu
869 941 944 1016 hac
965 959 1081 1043 opere
1103 944 1300 1042 vulgatam
1329 1027 1330 1036 χ

196 1037 337 1114 codicia
356 1039 492 1114 Graeci
513 1037 857 1140 interpretationem
872 1040 1053 1134 Latinam,
1081 1046 1187 1144 cujus
1203 1043 1300 1116 Hie-

193 1165 372 1238 ronymus
385 1155 517 1213 auctor
529 1139 599 1212 eise
614 1139 767 1227 dicitur,
793 1139 1106 1244 libere'carparet,
1134 1163 1173 1217 et
1188 1143 1231 1216 in
1248 1168 1299 1216 ea

191 1239 317 1338 plures
335 1262 494 1327 errores,
507 1237 563 1312 vel
574 1239 620 1312 ab
634 1240 715 1336 ejus
728 1256 893 1336 auctore,
907 1215 964 1314 rei
976 1268 998 1316 a
1010 1243 1174 1318 librariis
1187 1268 1302 1317 com·
1329 1269 1330 1282 ¹

193 1335 551 1428 miflos,ostenderet,
561 1338 762 1412 adversarii
774 1339 872 1412 istius
883 1342 1009 1442 operis
1022 1345 1143 1418 cauffo
1154 1342 1300 1416 multas

194 1435 276 1508 lites
285 1435 582 1534 ipsr'excitarunt,
593 1455 630 1510 et
642 1437 817 1512 infandas
829 1439 868 1506 in
881 1465 964 1506 eum
976 1443 1181 1509 calumnias
1194 1443 1302 1531 jece-
1329 1451 1330 1500 t

193 1551 299 1608 runt:
326 1533 438 1606 etiam
458 1558 503 1606 eo
519 1553 700 1632 tempore,
718 1563 793 1632 quo
808 1534 901 1605 iilud
914 1535 1079 1608 nondum
1093 1535 1235 1610 editum
1249 1559 1303 1606 ne
1329 1593 1330 1598 1

197 1633 368 1708 siderant
384 1632 558 1731 quidam,
585 1632 652 1704 sed
674 1649 818 1706 tantum
837 1631 1016 1706 articulos
1040 1635 1228 1729 quosdam
1250 1633 1301 1706 ab
1329 1659 1330 1664 ¹

90 1800 96 1818 ,
199 1733 282 1807 aliis
308 1732 496 1806 recenseri
522 1731 731 1806 audierant.
783 1731 860 1814 Sed
881 1729 1025 1803 strenue
1048 1731 1124 1804 illis
1147 1733 1330 1828 aliquo·¹

167 1848 171 1854 '
194 1835 264 1910 ties
284 1831 365 1934 ipse
383 1832 491 1908 Valla
509 1831 718 1947 respondit,
745 1857 815 1932 nec
833 1830 954 1902 minus
971 1835 1148 1904 Erasmus
1168 1830 1208 1902 in
1231 1856 1306 1928 po·

197 1931 350 2006 [teriora
379 1947 487 2030 parta
512 1929 698 2032 Epistulae
732 1931 1054 2028 nuncupatoriae,
1101 1957 1176 2030 qua
1204 1927 1305 2002 illud

196 2059 309 2138 opus,
338 2057 452 2130 quum
477 2030 621 2124 ederet,
649 2029 913 2130 Christophoro
934 2031 1135 2116 Fischero,
1163 2034 1305 2103 Prota·

194 2128 582 2230 natarioApostolico
605 2155 650 2204 aa
672 2129 855 2231 pontificii
878 2131 971 2230 juris
992 2129 1164 2219 doctori,
1192 2127 1330 2202 dedi-¹

170 2232 305 2308 eavit.
355 2229 497 2304 Eadem
531 2230 642 2304 etiam
672 2229 783 2302 exstat
812 2229 912 2307 inter
938 2230 1124 2330 Epistoiaa
1151 2229 1330 2304 Erasmt

196 2358 295 2406 num.
320 2357 397 2406 cnr.
451 2331 610 2429 Insignis
640 2333 796 2404 maxime
821 2329 872 2402 est
901 2325 1185 2430 maledicentia,
1220 2355 1330 2430 qua,

196 2429 356 2534 Poggius
384 2428 424 2502 in
444 2427 630 2504 Invectira
657 2429 696 2502 in
720 2429 866 2505 Vallem
886 2429 958 2504 fide
975 2431 1133 2506 Antonii
1152 2433 1303 2503 Panor-
1329 2521 1330 2528 ἵ

197 2535 309 2608 mitae
329 2527 458 2618 refert,
484 2555 567 2604 eum
585 2531 836 2630 Panormitae,
863 2556 886 2600 a
910 2556 980 2620 qao
1003 2535 1054 2602 ad
1074 2523 1227 2604 coenam
1248 2537 1308 2602 in·
1329 2589 1330 2600 ,

200 2641 338 2706 citatas
358 2635 589 2722 temeritatis,
614 2635 712 2730 quod
727 2635 996 2725 Hieronymum
1013 2633 1309 2722 reprehenderet,
1329 2673 1330 2676 =

201 2737 477 2820 damnabatur,
515 2736 764 2824 respondisse,
799 2755 838 2804 se
869 2735 936 2802 sibi
973 2740 1085 2806 etiam
1121 2735 1330 2804 aduersus

71 2843 74 2850 “
141 2874 148 2882 -
180 2823 390 2915 ¹Citn‘stum,
410 2838 549 2921 apicula
576 2857 785 2908 reservasse.
847 2831 1020 2931 Quamvis
1044 2849 1174 2906 autem‘
1193 2831 1330 2912 Valla*

200 2931 343 3031 Boggia
366 2947 404 3002 et
424 2931 681 3023 Panormitae,
717 2933 820 3031 quod
844 2933 934 3010 satia
961 2931 1060 3020 erat,
1088 2931 1313 3032 responde·

201 3031 251 3106 rit
272 3032 334 3104 lib.
349 3055 397 3106 tv.
419 3031 546 3106 Antid.
568 3059 650 3132 pag.
664 3033 748 3128 dio.
773 3034 942 3131 ejusdem
963 3051 1089 3106 tamen
1108 3031 1311 3105 Panormi·

202 3150 264 3209 tae
294 3129 367 3208 fida
395 3129 619 3206 columniam
646 3133 745 3206 hane
780 3131 904 3232 postea
935 3133 1068 3206 iterum
1099 3130 1314 3230 retulerunt

203 3233 262 3308 Jo.
282 3229 459 3328 dotianus
483 3235 670 3306 Pantanus
690 3231 753 3305 lib.
777 3255 808 3304 1.
837 3231 882 3304 de
903 3233 1083 3306 Sermone
1105 3257 1189 3332 cap.
1204 3258 1311 3304 xrrn.

205 3356 409 3430 eorumque
437 3329 645 3408 testimonio
672 3332 781 3406 iidem
805 3331 948 3404 habens
967 3333 1113 3409 Voliius
1139 3331 1187 3404 de
1204 3327 1315 3404 nne·

204 3449 275 3505 tor.
306 3433 392 3507 Nat.
422 3449 461 3502 et
482 3430 633 3506 Constit.
666 3458 818 3532 cap.r1.
852 3431 956 3506 nulia
980 3431 1087 3506 tarra
1117 3429 1317 3508 mentione

207 3547 534 3628 argumentorum,
589 3531 726 3634 quibus
762 3531 869 3632 Valla
911 3557 969 3624 se
994 3531 1220 3616 defendere,
1273 3547 1316 3601 et

207 3629 440 3704 Panormitae
471 3657 515 3705 ac
540 3631 670 3732 Poggii
698 3633 934 3706 narrationes
963 3628 1050 3720 falsi
1081 3628 1330 3720 convincere¹

209 3748 366 3804 conatus
393 3727 453 3802 est.
504 3733 626 3832 Quum
654 3731 780 3834 pastea
804 3729 1028 3806 auctoritate
1052 3727 1205 3805 aoncilii
1225 3729 1318 3801 'I'ri-

210 3827 525 3927 dentinirralgata
546 3833 692 3924 Veteris
715 3852 753 3907 et
771 3833 867 3908 Nori
883 3830 1106 3906 Testamenti
1126 3829 1319 3926 interpre-

210 3929 305 4006 tatio
328 3927 485 4002 sessioue
507 3932 587 4028 ejus
607 3961 656 4007 rr.
687 3937 782 4033 quae
805 3952 974 4032 tempore
993 3929 1112 4037 Paulxli
1126 3935 1187 4004 111.
1200 3931 1321 4001 „Pon-

211 4030 324 4120 tificis
343 4031 505 4106 Romani
522 4031 582 4108 die
598 4061 672 4110 rur.
691 4031 832 4137 Aprilis
851 4058 949 4108 anno
964 4037 1161 4108 alarona.
1184 4027 1324 4105 habito
