<?xml version="1.0" encoding="UTF-8"?>
<!DOCTYPE html PUBLIC "-//W3C//DTD XHTML 1.0 Transitional//EN"
    "http://www.w3.org/TR/xhtml1/DTD/xhtml1-transitional.dtd">
<html xmlns="http://www.w3.org/1999/xhtml" xml:lang="en" lang="en">
 <head>
  <title>
</title>
<meta http-equiv="Content-Type" content="text/html;charset=utf-8" />
  <meta name='ocr-system' content='tesseract 3.04.00' />
  <meta name='ocr-capabilities' content='ocr_page ocr_carea ocr_par ocr_line ocrx_word'/>
</head>
<body>
  <div class='ocr_page' id='page_1' title='image "./tliviipatavinih08livygoog_0091.png"; bbox 0 0 2638 4684; ppageno 0'>
   <div class='ocr_carea' id='block_1_1' title="bbox 176 291 958 403">
    <p class='ocr_par' dir='ltr' id='par_1_1' title="bbox 176 291 958 403">
     <span class='ocr_line' id='line_1_1' title="bbox 176 291 958 403; baseline 0.015 -12"><span class='ocrx_word' id='word_1_1' title='bbox 176 329 303 401; x_wconf 52' lang='lat' dir='ltr'>nm,</span> <span class='ocrx_word' id='word_1_2' title='bbox 458 291 958 403; x_wconf 58' lang='lat' dir='ltr'>cataracte</span> 
     </span>
    </p>
   </div>
   <div class='ocr_carea' id='block_1_2' title="bbox 185 478 289 488">
    <p class='ocr_par' dir='ltr' id='par_1_2' title="bbox 185 478 289 488">
     <span class='ocr_line' id='line_1_2' title="bbox 185 478 289 488; baseline 0.019 -2"><span class='ocrx_word' id='word_1_3' title='bbox 185 478 289 488; x_wconf 71' lang='lat'>⁴-—</span> 
     </span>
    </p>
   </div>
   <div class='ocr_carea' id='block_1_3' title="bbox 48 525 1289 1021">
    <p class='ocr_par' dir='ltr' id='par_1_3' title="bbox 48 525 1289 1021">
     <span class='ocr_line' id='line_1_3' title="bbox 176 525 1285 654; baseline 0.002 -32"><span class='ocrx_word' id='word_1_4' title='bbox 176 525 327 623; x_wconf 71' lang='lat' dir='ltr'>teitium</span> <span class='ocrx_word' id='word_1_5' title='bbox 359 551 429 623; x_wconf 81' lang='lat' dir='ltr'>sub</span> <span class='ocrx_word' id='word_1_6' title='bbox 459 551 564 654; x_wconf 87' lang='lat' dir='ltr'>prela</span> <span class='ocrx_word' id='word_1_7' title='bbox 592 575 768 625; x_wconf 87' lang='lat' dir='ltr'>revocare</span> <span class='ocrx_word' id='word_1_8' title='bbox 794 550 1053 654; x_wconf 83' lang='lat' dir='ltr'>cupientibus,</span> <span class='ocrx_word' id='word_1_9' title='bbox 1088 569 1126 625; x_wconf 88' lang='lat' dir='ltr'>et</span> <span class='ocrx_word' id='word_1_10' title='bbox 1151 552 1203 626; x_wconf 83' lang='lat' dir='ltr'>avi</span> <span class='ocrx_word' id='word_1_11' title='bbox 1238 551 1285 624; x_wconf 87' lang='lat' dir='ltr'>id</span> 
     </span>
     <span class='ocr_line' id='line_1_4' title="bbox 177 651 1287 752; baseline 0.001 -29"><span class='ocrx_word' id='word_1_12' title='bbox 177 651 290 724; x_wconf 90' lang='lat' dir='ltr'>tertio</span> <span class='ocrx_word' id='word_1_13' title='bbox 316 651 424 752; x_wconf 82' lang='lat' dir='ltr'>op‘em</span> <span class='ocrx_word' id='word_1_14' title='bbox 449 677 674 752; x_wconf 79' lang='lat' dir='ltr'><strong>operamque</strong></span> <span class='ocrx_word' id='word_1_15' title='bbox 696 674 823 738; x_wconf 89' lang='lat' dir='ltr'>suam,</span> <span class='ocrx_word' id='word_1_16' title='bbox 852 677 962 748; x_wconf 84' lang='lat' dir='ltr'>quam</span> <span class='ocrx_word' id='word_1_17' title='bbox 984 652 1170 750; x_wconf 80' lang='lat' dir='ltr'>denegare</span> <span class='ocrx_word' id='word_1_18' title='bbox 1193 679 1287 724; x_wconf 88' lang='lat' dir='ltr'>non</span> 
     </span>
     <span class='ocr_line' id='line_1_5' title="bbox 177 751 1287 859; baseline -0.001 -36"><span class='ocrx_word' id='word_1_19' title='bbox 177 769 347 854; x_wconf 82' lang='lat' dir='ltr'>poterat,</span> <span class='ocrx_word' id='word_1_20' title='bbox 376 751 670 859; x_wconf 77' lang='lat' dir='ltr'>inplorantibus,</span> <span class='ocrx_word' id='word_1_21' title='bbox 697 769 846 850; x_wconf 80' lang='lat' dir='ltr'>praeter</span> <span class='ocrx_word' id='word_1_22' title='bbox 862 753 982 825; x_wconf 85' lang='lat' dir='ltr'>Notae</span> <span class='ocrx_word' id='word_1_23' title='bbox 1001 767 1166 840; x_wconf 72' lang='lat' dir='ltr'>veteres,</span> <span class='ocrx_word' id='word_1_24' title='bbox 1207 753 1287 826; x_wconf 87' lang='lat' dir='ltr'>de-</span> 
     </span>
     <span class='ocr_line' id='line_1_6' title="bbox 48 845 1289 1021; baseline 0.001 -100"><span class='ocrx_word' id='word_1_25' title='bbox 48 845 57 862; x_wconf 87' lang='lat'><em>&#39;</em></span> <span class='ocrx_word' id='word_1_26' title='bbox 178 868 398 1021; x_wconf 86' lang='lat' dir='ltr'>properatae</span> <span class='ocrx_word' id='word_1_27' title='bbox 432 869 517 926; x_wconf 88' lang='lat' dir='ltr'>ante</span> <span class='ocrx_word' id='word_1_28' title='bbox 548 851 842 947; x_wconf 81' lang='lat' dir='ltr'>annosviginti,</span> <span class='ocrx_word' id='word_1_29' title='bbox 879 849 1084 951; x_wconf 84' lang='lat' dir='ltr'>pollicitum</span> <span class='ocrx_word' id='word_1_30' title='bbox 1114 851 1289 952; x_wconf 87' lang='lat' dir='ltr'>insuper</span> 
     </span>
    </p>
   </div>
   <div class='ocr_carea' id='block_1_4' title="bbox 39 949 1287 1050">
    <p class='ocr_par' dir='ltr' id='par_1_4' title="bbox 39 949 1287 1050">
     <span class='ocr_line' id='line_1_7' title="bbox 39 949 1287 1050; baseline 0.001 -30"><span class='ocrx_word' id='word_1_31' title='bbox 39 1021 41 1028; x_wconf 83' lang='lat'>.</span> <span class='ocrx_word' id='word_1_32' title='bbox 197 951 282 1022; x_wconf 86' lang='lat' dir='ltr'>uilio</span> <span class='ocrx_word' id='word_1_33' title='bbox 312 951 540 1023; x_wconf 77' lang='lat' dir='ltr'>recentiores</span> <span class='ocrx_word' id='word_1_34' title='bbox 564 949 763 1023; x_wconf 76' lang='lat' dir='ltr'>Politicasa</span> <span class='ocrx_word' id='word_1_35' title='bbox 801 949 864 1022; x_wconf 90' lang='lat' dir='ltr'>ubi</span> <span class='ocrx_word' id='word_1_36' title='bbox 890 976 959 1050; x_wconf 83' lang='lat' dir='ltr'>per</span> <span class='ocrx_word' id='word_1_37' title='bbox 980 952 1098 1024; x_wconf 84' lang='lat' dir='ltr'>Notas</span> <span class='ocrx_word' id='word_1_38' title='bbox 1121 967 1287 1024; x_wconf 87' lang='lat' dir='ltr'>veteres</span> 
     </span>
    </p>
   </div>
   <div class='ocr_carea' id='block_1_5' title="bbox 70 1050 1313 3141">
    <p class='ocr_par' dir='ltr' id='par_1_5' title="bbox 152 1050 1289 1351">
     <span class='ocr_line' id='line_1_8' title="bbox 152 1050 1289 1148; baseline 0 -26"><span class='ocrx_word' id='word_1_39' title='bbox 152 1093 159 1108; x_wconf 66' lang='lat'>.,</span> <span class='ocrx_word' id='word_1_40' title='bbox 178 1051 353 1123; x_wconf 80' lang='lat' dir='ltr'>indiceil&#39;e</span> <span class='ocrx_word' id='word_1_41' title='bbox 377 1050 527 1144; x_wconf 79' lang='lat' dir='ltr'>¹vitietur</span> <span class='ocrx_word' id='word_1_42' title='bbox 553 1051 709 1124; x_wconf 84' lang='lat' dir='ltr'>Griticus</span> <span class='ocrx_word' id='word_1_43' title='bbox 720 1103 733 1140; x_wconf 90' lang='lat'>,</span> <span class='ocrx_word' id='word_1_44' title='bbox 756 1065 858 1128; x_wconf 41' lang='lat' dir='ltr'>,onte</span> <span class='ocrx_word' id='word_1_45' title='bbox 889 1061 1007 1123; x_wconf 79' lang='lat' dir='ltr'>annos</span> <span class='ocrx_word' id='word_1_46' title='bbox 1036 1050 1195 1148; x_wconf 80' lang='lat' dir='ltr'>viginti,</span> <span class='ocrx_word' id='word_1_47' title='bbox 1240 1051 1289 1122; x_wconf 89' lang='lat' dir='ltr'>id</span> 
     </span>
     <span class='ocr_line' id='line_1_9' title="bbox 179 1149 1288 1250; baseline -0.005 -27"><span class='ocrx_word' id='word_1_48' title='bbox 179 1149 230 1223; x_wconf 82' lang='lat' dir='ltr'>eii</span> <span class='ocrx_word' id='word_1_49' title='bbox 252 1151 323 1248; x_wconf 85' lang='lat' dir='ltr'>jem</span> <span class='ocrx_word' id='word_1_50' title='bbox 352 1175 451 1224; x_wconf 90' lang='lat' dir='ltr'>anno</span> <span class='ocrx_word' id='word_1_51' title='bbox 477 1154 681 1224; x_wconf 81' lang='lat' dir='ltr'>clolucvrr.</span> <span class='ocrx_word' id='word_1_52' title='bbox 712 1172 822 1249; x_wconf 88' lang='lat' dir='ltr'>quum</span> <span class='ocrx_word' id='word_1_53' title='bbox 842 1149 983 1223; x_wconf 86' lang='lat' dir='ltr'>Livium</span> <span class='ocrx_word' id='word_1_54' title='bbox 1003 1150 1161 1250; x_wconf 89' lang='lat' dir='ltr'>primum</span> <span class='ocrx_word' id='word_1_55' title='bbox 1182 1151 1288 1222; x_wconf 83' lang='lat' dir='ltr'>ede-</span> 
     </span>
     <span class='ocr_line' id='line_1_10' title="bbox 178 1247 1289 1351; baseline -0.002 -29"><span class='ocrx_word' id='word_1_56' title='bbox 178 1268 254 1338; x_wconf 91' lang='lat' dir='ltr'>ret,</span> <span class='ocrx_word' id='word_1_57' title='bbox 278 1267 526 1351; x_wconf 76' lang='lat' dir='ltr'>properanter</span> <span class='ocrx_word' id='word_1_58' title='bbox 553 1250 592 1322; x_wconf 91' lang='lat' dir='ltr'>in</span> <span class='ocrx_word' id='word_1_59' title='bbox 615 1251 779 1323; x_wconf 86' lang='lat' dir='ltr'>chartam</span> <span class='ocrx_word' id='word_1_60' title='bbox 803 1252 1012 1347; x_wconf 72' lang='lat' dir='ltr'>conjectare</span> <span class='ocrx_word' id='word_1_61' title='bbox 1051 1247 1188 1323; x_wconf 85' lang='lat' dir='ltr'>deinde</span> <span class='ocrx_word' id='word_1_62' title='bbox 1220 1269 1289 1320; x_wconf 85' lang='lat' dir='ltr'>et·</span> 
     </span>
    </p>

    <p class='ocr_par' dir='ltr' id='par_1_6' title="bbox 70 1349 1313 3141">
     <span class='ocr_line' id='line_1_11' title="bbox 112 1349 1289 1450; baseline -0.002 -28"><span class='ocrx_word' id='word_1_63' title='bbox 112 1363 116 1368; x_wconf 85' lang='lat'>&#39;</span> <span class='ocrx_word' id='word_1_64' title='bbox 177 1349 250 1422; x_wconf 89' lang='lat' dir='ltr'>iam</span> <span class='ocrx_word' id='word_1_65' title='bbox 275 1350 481 1422; x_wconf 75' lang='lat' dir='ltr'>notandum</span> <span class='ocrx_word' id='word_1_66' title='bbox 500 1349 572 1440; x_wconf 85' lang='lat' dir='ltr'>est,</span> <span class='ocrx_word' id='word_1_67' title='bbox 607 1352 805 1426; x_wconf 87' lang='lat' dir='ltr'>Gruterum</span> <span class='ocrx_word' id='word_1_68' title='bbox 829 1374 927 1421; x_wconf 91' lang='lat' dir='ltr'>anno</span> <span class='ocrx_word' id='word_1_69' title='bbox 948 1349 1135 1450; x_wconf 83' lang='lat' dir='ltr'>proximo,</span> <span class='ocrx_word' id='word_1_70' title='bbox 1164 1367 1289 1422; x_wconf 84' lang='lat' dir='ltr'>ente·</span> 
     </span>
     <span class='ocr_line' id='line_1_12' title="bbox 70 1449 1287 1568; baseline 0 -46"><span class='ocrx_word' id='word_1_71' title='bbox 70 1529 74 1542; x_wconf 50' lang='grc'><strong>,</strong></span> <span class='ocrx_word' id='word_1_72' title='bbox 179 1475 289 1549; x_wconf 82' lang='lat' dir='ltr'>quam</span> <span class='ocrx_word' id='word_1_73' title='bbox 316 1450 456 1523; x_wconf 84' lang='lat' dir='ltr'>Livium</span> <span class='ocrx_word' id='word_1_74' title='bbox 485 1450 641 1568; x_wconf 89' lang='lat' dir='ltr'>primum</span> <span class='ocrx_word' id='word_1_75' title='bbox 669 1451 817 1537; x_wconf 83' lang='lat' dir='ltr'>ederet,</span> <span class='ocrx_word' id='word_1_76' title='bbox 856 1449 932 1522; x_wconf 90' lang='lat' dir='ltr'>sive</span> <span class='ocrx_word' id='word_1_77' title='bbox 958 1473 1058 1521; x_wconf 86' lang='lat' dir='ltr'>anuo</span> <span class='ocrx_word' id='word_1_78' title='bbox 1080 1451 1287 1522; x_wconf 79' lang='lat' dir='ltr'>clelecvr.</span> 
     </span>
     <span class='ocr_line' id='line_1_13' title="bbox 179 1549 1290 1638; baseline -0.002 -16"><span class='ocrx_word' id='word_1_79' title='bbox 179 1551 330 1624; x_wconf 73' lang='lat' dir='ltr'>edidiiro</span> <span class='ocrx_word' id='word_1_80' title='bbox 351 1549 572 1636; x_wconf 76' lang='lat' dir='ltr'>Sallustium.</span> <span class='ocrx_word' id='word_1_81' title='bbox 623 1552 704 1623; x_wconf 86' lang='lat' dir='ltr'>Jam</span> <span class='ocrx_word' id='word_1_82' title='bbox 730 1574 840 1638; x_wconf 89' lang='lat' dir='ltr'>vero,</span> <span class='ocrx_word' id='word_1_83' title='bbox 870 1566 913 1621; x_wconf 89' lang='lat' dir='ltr'>ut</span> <span class='ocrx_word' id='word_1_84' title='bbox 938 1564 996 1622; x_wconf 90' lang='lat' dir='ltr'>tot</span> <span class='ocrx_word' id='word_1_85' title='bbox 1021 1573 1178 1621; x_wconf 88' lang='lat' dir='ltr'>numero</span> <span class='ocrx_word' id='word_1_86' title='bbox 1207 1571 1290 1620; x_wconf 83' lang='lat' dir='ltr'>vo·</span> 
     </span>
     <span class='ocr_line' id='line_1_14' title="bbox 179 1645 1291 1749; baseline -0.004 -25"><span class='ocrx_word' id='word_1_87' title='bbox 179 1651 312 1724; x_wconf 88' lang='lat' dir='ltr'>cabula</span> <span class='ocrx_word' id='word_1_88' title='bbox 335 1650 461 1749; x_wconf 84' lang='lat' dir='ltr'>pailim</span> <span class='ocrx_word' id='word_1_89' title='bbox 481 1675 525 1723; x_wconf 86' lang='lat' dir='ltr'>er</span> <span class='ocrx_word' id='word_1_90' title='bbox 545 1647 648 1722; x_wconf 84' lang='lat' dir='ltr'>Livio</span> <span class='ocrx_word' id='word_1_91' title='bbox 673 1645 851 1747; x_wconf 85' lang='lat' dir='ltr'>ejiceret,</span> <span class='ocrx_word' id='word_1_92' title='bbox 886 1672 932 1721; x_wconf 90' lang='lat' dir='ltr'>eo</span> <span class='ocrx_word' id='word_1_93' title='bbox 955 1645 1291 1721; x_wconf 75' lang='lat' dir='ltr'>festalis-iactum</span> 
     </span>
     <span class='ocr_line' id='line_1_15' title="bbox 179 1746 1289 1848; baseline -0.005 -25"><span class='ocrx_word' id='word_1_94' title='bbox 179 1749 250 1834; x_wconf 85' lang='lat' dir='ltr'>eil,</span> <span class='ocrx_word' id='word_1_95' title='bbox 291 1749 393 1848; x_wconf 88' lang='lat' dir='ltr'>quod</span> <span class='ocrx_word' id='word_1_96' title='bbox 421 1751 535 1820; x_wconf 86' lang='lat' dir='ltr'>menti</span> <span class='ocrx_word' id='word_1_97' title='bbox 564 1749 662 1846; x_wconf 87' lang='lat' dir='ltr'>ejus,</span> <span class='ocrx_word' id='word_1_98' title='bbox 681 1748 861 1836; x_wconf 81' lang='lat' dir='ltr'>,Sallustii</span> <span class='ocrx_word' id='word_1_99' title='bbox 890 1746 1041 1822; x_wconf 86' lang='lat' dir='ltr'>lectioni</span> <span class='ocrx_word' id='word_1_100' title='bbox 1071 1747 1289 1836; x_wconf 72' lang='lat' dir='ltr'>adsuetae,</span> 
     </span>
     <span class='ocr_line' id='line_1_16' title="bbox 181 1846 1292 1924; baseline -0.002 -2"><span class='ocrx_word' id='word_1_101' title='bbox 181 1851 303 1922; x_wconf 86' lang='lat' dir='ltr'>adbuc</span> <span class='ocrx_word' id='word_1_102' title='bbox 334 1847 602 1924; x_wconf 73' lang='lat' dir='ltr'>obversabatur</span> <span class='ocrx_word' id='word_1_103' title='bbox 635 1849 787 1922; x_wconf 85' lang='lat' dir='ltr'>concise</span> <span class='ocrx_word' id='word_1_104' title='bbox 824 1847 997 1922; x_wconf 86' lang='lat' dir='ltr'>dictionis</span> <span class='ocrx_word' id='word_1_105' title='bbox 1030 1846 1292 1921; x_wconf 80' lang='lat' dir='ltr'>Sallustianae</span> 
     </span>
     <span class='ocr_line' id='line_1_17' title="bbox 158 1945 1291 2047; baseline -0.005 -25"><span class='ocrx_word' id='word_1_106' title='bbox 158 1997 161 2002; x_wconf 86' lang='lat'><em>·</em></span> <span class='ocrx_word' id='word_1_107' title='bbox 179 1949 355 2037; x_wconf 81' lang='lat' dir='ltr'>brevitas,</span> <span class='ocrx_word' id='word_1_108' title='bbox 379 1945 427 2020; x_wconf 86' lang='lat' dir='ltr'>ad</span> <span class='ocrx_word' id='word_1_109' title='bbox 442 1971 560 2046; x_wconf 78' lang='lat' dir='ltr'>quam</span> <span class='ocrx_word' id='word_1_110' title='bbox 581 1947 737 2021; x_wconf 74' lang='lat' dir='ltr'>lacteam</span> <span class='ocrx_word' id='word_1_111' title='bbox 755 1947 847 2020; x_wconf 87' lang='lat' dir='ltr'>Livii</span> <span class='ocrx_word' id='word_1_112' title='bbox 865 1947 1075 2022; x_wconf 85' lang='lat' dir='ltr'>ubertatem</span> <span class='ocrx_word' id='word_1_113' title='bbox 1090 1946 1291 2047; x_wconf 68' lang='lat' dir='ltr'>coniirin·</span> 
     </span>
     <span class='ocr_line' id='line_1_18' title="bbox 180 2045 1291 2148; baseline -0.003 -27"><span class='ocrx_word' id='word_1_114' title='bbox 180 2049 337 2148; x_wconf 80' lang='lat' dir='ltr'>gendum</span> <span class='ocrx_word' id='word_1_115' title='bbox 374 2047 585 2136; x_wconf 80' lang='lat' dir='ltr'>censuerit,</span> <span class='ocrx_word' id='word_1_116' title='bbox 637 2047 774 2121; x_wconf 86' lang='lat' dir='ltr'>oblitus</span> <span class='ocrx_word' id='word_1_117' title='bbox 808 2047 1045 2120; x_wconf 84' lang='lat' dir='ltr'>diversiilimo</span> <span class='ocrx_word' id='word_1_118' title='bbox 1080 2045 1291 2119; x_wconf 87' lang='lat' dir='ltr'>scribendi</span> 
     </span>
     <span class='ocr_line' id='line_1_19' title="bbox 182 2144 1293 2244; baseline -0.001 -24"><span class='ocrx_word' id='word_1_119' title='bbox 182 2149 397 2220; x_wconf 86' lang='lat' dir='ltr'>charactere</span> <span class='ocrx_word' id='word_1_120' title='bbox 413 2162 612 2244; x_wconf 88' lang='lat' dir='ltr'>utrumque</span> <span class='ocrx_word' id='word_1_121' title='bbox 629 2144 840 2219; x_wconf 87' lang='lat' dir='ltr'>historicum</span> <span class='ocrx_word' id='word_1_122' title='bbox 861 2171 964 2218; x_wconf 90' lang='lat' dir='ltr'>usum</span> <span class='ocrx_word' id='word_1_123' title='bbox 985 2145 1069 2230; x_wconf 84' lang='lat' dir='ltr'>elie,</span> <span class='ocrx_word' id='word_1_124' title='bbox 1097 2163 1144 2232; x_wconf 83' lang='lat' dir='ltr'>et,</span> <span class='ocrx_word' id='word_1_125' title='bbox 1174 2171 1293 2242; x_wconf 83' lang='lat' dir='ltr'>quae</span> 
     </span>
     <span class='ocr_line' id='line_1_20' title="bbox 182 2245 1313 2335; baseline -0.004 -14"><span class='ocrx_word' id='word_1_126' title='bbox 182 2245 352 2321; x_wconf 85' lang='lat' dir='ltr'>Sallustio</span> <span class='ocrx_word' id='word_1_127' title='bbox 382 2246 697 2335; x_wconf 80' lang='lat' dir='ltr'>conveniebant,</span> <span class='ocrx_word' id='word_1_128' title='bbox 722 2271 743 2318; x_wconf 87' lang='lat' dir='ltr'>e</span> <span class='ocrx_word' id='word_1_129' title='bbox 769 2245 849 2317; x_wconf 83' lang='lat' dir='ltr'>iiilo</span> <span class='ocrx_word' id='word_1_130' title='bbox 875 2245 1027 2317; x_wconf 88' lang='lat' dir='ltr'>Liviano</span> <span class='ocrx_word' id='word_1_131' title='bbox 1053 2245 1291 2320; x_wconf 89' lang='lat' dir='ltr'>abhorrere.</span> <span class='ocrx_word' id='word_1_132' title='bbox 1312 2317 1313 2324; x_wconf 69' lang='grc'>,</span> 
     </span>
     <span class='ocr_line' id='line_1_21' title="bbox 180 2342 1293 2444; baseline -0.002 -24"><span class='ocrx_word' id='word_1_133' title='bbox 180 2351 347 2433; x_wconf 89' lang='lat' dir='ltr'>Verum,</span> <span class='ocrx_word' id='word_1_134' title='bbox 383 2356 640 2444; x_wconf 80' lang='lat' dir='ltr'>quaecumque</span> <span class='ocrx_word' id='word_1_135' title='bbox 674 2345 822 2418; x_wconf 81' lang='lat' dir='ltr'>tandem</span> <span class='ocrx_word' id='word_1_136' title='bbox 857 2349 1036 2420; x_wconf 74' lang='lat' dir='ltr'>Gruterus</span> <span class='ocrx_word' id='word_1_137' title='bbox 1070 2342 1194 2416; x_wconf 84' lang='lat' dir='ltr'>minue</span> <span class='ocrx_word' id='word_1_138' title='bbox 1238 2371 1293 2418; x_wconf 79' lang='lat' dir='ltr'>ex</span> 
     </span>
     <span class='ocr_line' id='line_1_22' title="bbox 179 2443 1296 2532; baseline -0.001 -13"><span class='ocrx_word' id='word_1_139' title='bbox 179 2447 277 2519; x_wconf 87' lang='lat' dir='ltr'>votis</span> <span class='ocrx_word' id='word_1_140' title='bbox 299 2449 502 2518; x_wconf 85' lang='lat' dir='ltr'>Doctorum</span> <span class='ocrx_word' id='word_1_141' title='bbox 527 2446 567 2515; x_wconf 92' lang='lat' dir='ltr'>in</span> <span class='ocrx_word' id='word_1_142' title='bbox 592 2445 758 2516; x_wconf 90' lang='lat' dir='ltr'>curando</span> <span class='ocrx_word' id='word_1_143' title='bbox 781 2445 884 2518; x_wconf 83' lang='lat' dir='ltr'>Livio</span> <span class='ocrx_word' id='word_1_144' title='bbox 913 2443 1158 2532; x_wconf 75' lang='lat' dir='ltr'>commiserit,</span> <span class='ocrx_word' id='word_1_145' title='bbox 1195 2469 1296 2518; x_wconf 87' lang='lat' dir='ltr'>om·</span> 
     </span>
     <span class='ocr_line' id='line_1_23' title="bbox 88 2543 1295 2644; baseline 0 -28"><span class='ocrx_word' id='word_1_146' title='bbox 88 2569 96 2578; x_wconf 93' lang='lat'><strong>·</strong></span> <span class='ocrx_word' id='word_1_147' title='bbox 182 2567 248 2616; x_wconf 88' lang='lat' dir='ltr'>nes</span> <span class='ocrx_word' id='word_1_148' title='bbox 267 2570 409 2618; x_wconf 92' lang='lat' dir='ltr'>mecum</span> <span class='ocrx_word' id='word_1_149' title='bbox 426 2543 603 2619; x_wconf 83' lang='lat' dir='ltr'>facillime</span> <span class='ocrx_word' id='word_1_150' title='bbox 625 2569 669 2617; x_wconf 86' lang='lat' dir='ltr'>eu</span> <span class='ocrx_word' id='word_1_151' title='bbox 691 2544 866 2618; x_wconf 85' lang='lat' dir='ltr'>donanda</span> <span class='ocrx_word' id='word_1_152' title='bbox 888 2543 1167 2617; x_wconf 88' lang='lat' dir='ltr'>arbitrabuntur</span> <span class='ocrx_word' id='word_1_153' title='bbox 1184 2569 1295 2644; x_wconf 83' lang='lat' dir='ltr'>par-</span> 
     </span>
     <span class='ocr_line' id='line_1_24' title="bbox 181 2643 1295 2742; baseline 0.001 -25"><span class='ocrx_word' id='word_1_154' title='bbox 181 2645 247 2717; x_wconf 85' lang='lat' dir='ltr'>tim</span> <span class='ocrx_word' id='word_1_155' title='bbox 278 2645 428 2716; x_wconf 85' lang='lat' dir='ltr'>summis</span> <span class='ocrx_word' id='word_1_156' title='bbox 454 2661 491 2718; x_wconf 91' lang='lat' dir='ltr'>et</span> <span class='ocrx_word' id='word_1_157' title='bbox 513 2669 712 2742; x_wconf 87' lang='lat' dir='ltr'>numquam</span> <span class='ocrx_word' id='word_1_158' title='bbox 740 2643 830 2717; x_wconf 84' lang='lat' dir='ltr'>satis</span> <span class='ocrx_word' id='word_1_159' title='bbox 852 2643 1112 2742; x_wconf 85' lang='lat' dir='ltr'>praedicandis</span> <span class='ocrx_word' id='word_1_160' title='bbox 1136 2647 1295 2719; x_wconf 86' lang='lat' dir='ltr'>ceteris</span> 
     </span>
     <span class='ocr_line' id='line_1_25' title="bbox 182 2741 1298 2845; baseline 0.002 -29"><span class='ocrx_word' id='word_1_161' title='bbox 182 2747 265 2844; x_wconf 82' lang='lat' dir='ltr'>¹ejus</span> <span class='ocrx_word' id='word_1_162' title='bbox 284 2751 372 2840; x_wconf 78' lang='lat' dir='ltr'>erga</span> <span class='ocrx_word' id='word_1_163' title='bbox 390 2744 519 2817; x_wconf 87' lang='lat' dir='ltr'>literas</span> <span class='ocrx_word' id='word_1_164' title='bbox 539 2743 703 2832; x_wconf 90' lang='lat' dir='ltr'>meritis,</span> <span class='ocrx_word' id='word_1_165' title='bbox 728 2743 864 2845; x_wconf 84' lang='lat' dir='ltr'>purtim</span> <span class='ocrx_word' id='word_1_166' title='bbox 884 2743 986 2817; x_wconf 90' lang='lat' dir='ltr'>letali</span> <span class='ocrx_word' id='word_1_167' title='bbox 1005 2741 1135 2815; x_wconf 88' lang='lat' dir='ltr'>morbo</span> <span class='ocrx_word' id='word_1_168' title='bbox 1154 2759 1196 2814; x_wconf 86' lang='lat' dir='ltr'>et</span> <span class='ocrx_word' id='word_1_169' title='bbox 1218 2769 1298 2818; x_wconf 84' lang='lat' dir='ltr'>se·</span> 
     </span>
     <span class='ocr_line' id='line_1_26' title="bbox 184 2841 1298 2945; baseline 0.004 -30"><span class='ocrx_word' id='word_1_170' title='bbox 184 2845 368 2915; x_wconf 83' lang='lat' dir='ltr'>rumnosiv</span> <span class='ocrx_word' id='word_1_171' title='bbox 387 2842 514 2932; x_wconf 88' lang='lat' dir='ltr'>malis,</span> <span class='ocrx_word' id='word_1_172' title='bbox 549 2868 595 2915; x_wconf 91' lang='lat' dir='ltr'>eo</span> <span class='ocrx_word' id='word_1_173' title='bbox 617 2843 784 2945; x_wconf 85' lang='lat' dir='ltr'>inprimis</span> <span class='ocrx_word' id='word_1_174' title='bbox 806 2859 995 2943; x_wconf 80' lang='lat' dir='ltr'>tempore,</span> <span class='ocrx_word' id='word_1_175' title='bbox 1033 2868 1107 2940; x_wconf 92' lang='lat' dir='ltr'>quo</span> <span class='ocrx_word' id='word_1_176' title='bbox 1129 2841 1298 2919; x_wconf 79' lang='lat' dir='ltr'>Livium</span> 
     </span>
     <span class='ocr_line' id='line_1_27' title="bbox 182 2941 1296 3044; baseline 0.001 -28"><span class='ocrx_word' id='word_1_177' title='bbox 182 2943 295 3016; x_wconf 82' lang='lat' dir='ltr'>tertio</span> <span class='ocrx_word' id='word_1_178' title='bbox 313 2941 458 3030; x_wconf 87' lang='lat' dir='ltr'>edebat,</span> <span class='ocrx_word' id='word_1_179' title='bbox 482 2942 672 3042; x_wconf 79' lang='lat' dir='ltr'>oppreil&#39;03</span> <span class='ocrx_word' id='word_1_180' title='bbox 698 2969 794 3042; x_wconf 85' lang='lat' dir='ltr'>quae</span> <span class='ocrx_word' id='word_1_181' title='bbox 812 2943 922 3018; x_wconf 84' lang='lat' dir='ltr'>latius</span> <span class='ocrx_word' id='word_1_182' title='bbox 941 2943 988 3016; x_wconf 85' lang='lat' dir='ltr'>ab</span> <span class='ocrx_word' id='word_1_183' title='bbox 1008 2941 1092 3044; x_wconf 87' lang='lat' dir='ltr'>ipso</span> <span class='ocrx_word' id='word_1_184' title='bbox 1110 2941 1148 3012; x_wconf 91' lang='lat' dir='ltr'>in</span> <span class='ocrx_word' id='word_1_185' title='bbox 1164 2945 1296 3017; x_wconf 84' lang='lat' dir='ltr'>Prae·</span> 
     </span>
     <span class='ocr_line' id='line_1_28' title="bbox 185 3040 1296 3141; baseline 0.001 -26"><span class='ocrx_word' id='word_1_186' title='bbox 185 3041 328 3115; x_wconf 82' lang='lat' dir='ltr'>latione</span> <span class='ocrx_word' id='word_1_187' title='bbox 348 3040 623 3130; x_wconf 86' lang='lat' dir='ltr'>describuntur,</span> <span class='ocrx_word' id='word_1_188' title='bbox 647 3061 684 3116; x_wconf 89' lang='lat' dir='ltr'>et</span> <span class='ocrx_word' id='word_1_189' title='bbox 703 3043 879 3141; x_wconf 87' lang='lat' dir='ltr'>quemvis,</span> <span class='ocrx_word' id='word_1_190' title='bbox 907 3043 1044 3141; x_wconf 89' lang='lat' dir='ltr'>quise,</span> <span class='ocrx_word' id='word_1_191' title='bbox 1072 3065 1184 3140; x_wconf 89' lang='lat' dir='ltr'>quum</span> <span class='ocrx_word' id='word_1_192' title='bbox 1206 3043 1296 3116; x_wconf 83' lang='lat' dir='ltr'>ho·</span> 
     </span>
    </p>
   </div>
   <div class='ocr_carea' id='block_1_6' title="bbox 67 3137 1297 3242">
    <p class='ocr_par' dir='ltr' id='par_1_7' title="bbox 67 3137 1297 3242">
     <span class='ocr_line' id='line_1_29' title="bbox 67 3137 1297 3242; baseline 0.003 -28"><span class='ocrx_word' id='word_1_193' title='bbox 67 3216 70 3227; x_wconf 76' lang='grc'><strong>,</strong></span> <span class='ocrx_word' id='word_1_194' title='bbox 184 3137 246 3216; x_wconf 87' lang='lat' dir='ltr'>mo</span> <span class='ocrx_word' id='word_1_195' title='bbox 269 3141 335 3228; x_wconf 90' lang='lat' dir='ltr'>sit,</span> <span class='ocrx_word' id='word_1_196' title='bbox 363 3139 541 3214; x_wconf 88' lang='lat' dir='ltr'>similibus</span> <span class='ocrx_word' id='word_1_197' title='bbox 565 3141 713 3214; x_wconf 81' lang='lat' dir='ltr'>essibus</span> <span class='ocrx_word' id='word_1_198' title='bbox 736 3142 903 3241; x_wconf 85' lang='lat' dir='ltr'>quotidie</span> <span class='ocrx_word' id='word_1_199' title='bbox 923 3141 1127 3242; x_wconf 81' lang='lat' dir='ltr'>expositum</span> <span class='ocrx_word' id='word_1_200' title='bbox 1149 3141 1297 3218; x_wconf 81' lang='lat' dir='ltr'>vivere</span> 
     </span>
    </p>
   </div>
   <div class='ocr_carea' id='block_1_7' title="bbox 107 3239 1307 3940">
    <p class='ocr_par' dir='ltr' id='par_1_8' title="bbox 107 3239 1307 3940">
     <span class='ocr_line' id='line_1_30' title="bbox 107 3239 1299 3342; baseline 0.002 -28"><span class='ocrx_word' id='word_1_201' title='bbox 107 3255 114 3266; x_wconf 88' lang='lat'><em>&#39;</em></span> <span class='ocrx_word' id='word_1_202' title='bbox 186 3242 350 3328; x_wconf 89' lang='lat' dir='ltr'>noverit,</span> <span class='ocrx_word' id='word_1_203' title='bbox 384 3239 432 3312; x_wconf 84' lang='lat' dir='ltr'>ad</span> <span class='ocrx_word' id='word_1_204' title='bbox 459 3240 811 3332; x_wconf 81' lang='lat' dir='ltr'>commiserationem</span> <span class='ocrx_word' id='word_1_205' title='bbox 835 3241 966 3342; x_wconf 90' lang='lat' dir='ltr'>optimi</span> <span class='ocrx_word' id='word_1_206' title='bbox 990 3241 1098 3313; x_wconf 89' lang='lat' dir='ltr'>Senis</span> <span class='ocrx_word' id='word_1_207' title='bbox 1120 3263 1299 3341; x_wconf 81' lang='lat' dir='ltr'>permo-</span> 
     </span>
     <span class='ocr_line' id='line_1_31' title="bbox 186 3339 1301 3442; baseline -0.004 -26"><span class='ocrx_word' id='word_1_208' title='bbox 186 3365 273 3416; x_wconf 92' lang='lat' dir='ltr'>vere</span> <span class='ocrx_word' id='word_1_209' title='bbox 295 3339 450 3442; x_wconf 78' lang='lat' dir='ltr'>poil&#39;unt.</span> <span class='ocrx_word' id='word_1_210' title='bbox 502 3339 735 3414; x_wconf 77' lang='lat' dir='ltr'>calamitates</span> <span class='ocrx_word' id='word_1_211' title='bbox 765 3342 883 3430; x_wconf 89' lang='lat' dir='ltr'>enim,</span> <span class='ocrx_word' id='word_1_212' title='bbox 921 3366 1016 3440; x_wconf 85' lang='lat' dir='ltr'>quoe</span> <span class='ocrx_word' id='word_1_213' title='bbox 1041 3357 1163 3412; x_wconf 84' lang='lat' dir='ltr'>aetate</span> <span class='ocrx_word' id='word_1_214' title='bbox 1193 3367 1301 3439; x_wconf 73' lang='lat' dir='ltr'>gru-</span> 
     </span>
     <span class='ocr_line' id='line_1_32' title="bbox 187 3438 1304 3542; baseline 0.002 -27"><span class='ocrx_word' id='word_1_215' title='bbox 187 3465 269 3516; x_wconf 87' lang='lat' dir='ltr'>vem</span> <span class='ocrx_word' id='word_1_216' title='bbox 290 3459 328 3514; x_wconf 89' lang='lat' dir='ltr'>et</span> <span class='ocrx_word' id='word_1_217' title='bbox 350 3439 633 3542; x_wconf 77' lang='lat' dir='ltr'>septuagenario</span> <span class='ocrx_word' id='word_1_218' title='bbox 653 3439 857 3539; x_wconf 83' lang='lat' dir='ltr'>proximum</span> <span class='ocrx_word' id='word_1_219' title='bbox 878 3439 1112 3542; x_wconf 85' lang='lat' dir='ltr'>premebant,</span> <span class='ocrx_word' id='word_1_220' title='bbox 1140 3438 1304 3517; x_wconf 85' lang='lat' dir='ltr'>effece-</span> 
     </span>
     <span class='ocr_line' id='line_1_33' title="bbox 187 3539 1305 3630; baseline 0.004 -15"><span class='ocrx_word' id='word_1_221' title='bbox 187 3559 293 3630; x_wconf 86' lang='lat' dir='ltr'>runt,</span> <span class='ocrx_word' id='word_1_222' title='bbox 320 3566 368 3612; x_wconf 88' lang='lat' dir='ltr'>ne</span> <span class='ocrx_word' id='word_1_223' title='bbox 389 3539 556 3626; x_wconf 82' lang='lat' dir='ltr'>unimus,</span> <span class='ocrx_word' id='word_1_224' title='bbox 582 3541 681 3611; x_wconf 89' lang='lat' dir='ltr'>curis</span> <span class='ocrx_word' id='word_1_225' title='bbox 702 3557 740 3612; x_wconf 83' lang='lat' dir='ltr'>et</span> <span class='ocrx_word' id='word_1_226' title='bbox 761 3539 1071 3614; x_wconf 86' lang='lat' dir='ltr'>sollicitudinibus</span> <span class='ocrx_word' id='word_1_227' title='bbox 1091 3539 1129 3610; x_wconf 85' lang='lat' dir='ltr'>itt</span> <span class='ocrx_word' id='word_1_228' title='bbox 1149 3544 1305 3620; x_wconf 69' lang='lat' dir='ltr'>varies</span> 
     </span>
     <span class='ocr_line' id='line_1_34' title="bbox 188 3632 1307 3746; baseline 0.002 -32"><span class='ocrx_word' id='word_1_229' title='bbox 188 3660 315 3746; x_wconf 86' lang='lat' dir='ltr'>partes</span> <span class='ocrx_word' id='word_1_230' title='bbox 336 3640 554 3724; x_wconf 74' lang='lat' dir='ltr'>districtus,</span> <span class='ocrx_word' id='word_1_231' title='bbox 580 3632 847 3736; x_wconf 74' lang='lat' dir='ltr'>tranquillitate</span> <span class='ocrx_word' id='word_1_232' title='bbox 867 3642 980 3714; x_wconf 85' lang='lat' dir='ltr'>Musis</span> <span class='ocrx_word' id='word_1_233' title='bbox 1006 3640 1157 3740; x_wconf 76' lang='lat' dir='ltr'>operam</span> <span class='ocrx_word' id='word_1_234' title='bbox 1183 3641 1307 3716; x_wconf 84' lang='lat' dir='ltr'>dun·</span> 
     </span>
     <span class='ocr_line' id='line_1_35' title="bbox 188 3736 1306 3841; baseline 0.003 -27"><span class='ocrx_word' id='word_1_235' title='bbox 188 3740 289 3814; x_wconf 90' lang='lat' dir='ltr'>tibus</span> <span class='ocrx_word' id='word_1_236' title='bbox 309 3737 508 3812; x_wconf 84' lang='lat' dir='ltr'>uccellarie</span> <span class='ocrx_word' id='word_1_237' title='bbox 531 3736 580 3809; x_wconf 82' lang='lat' dir='ltr'>etl</span> <span class='ocrx_word' id='word_1_238' title='bbox 601 3737 887 3837; x_wconf 79' lang='lat' dir='ltr'>singule,-quae</span> <span class='ocrx_word' id='word_1_239' title='bbox 908 3765 997 3841; x_wconf 88' lang='lat' dir='ltr'>prae</span> <span class='ocrx_word' id='word_1_240' title='bbox 1018 3739 1194 3814; x_wconf 87' lang='lat' dir='ltr'>manibus</span> <span class='ocrx_word' id='word_1_241' title='bbox 1216 3743 1306 3818; x_wconf 75' lang='lat' dir='ltr'>lta-</span> 
     </span>
     <span class='ocr_line' id='line_1_36' title="bbox 187 3837 1109 3940; baseline -0.003 -26"><span class='ocrx_word' id='word_1_242' title='bbox 187 3839 321 3930; x_wconf 85' lang='lat' dir='ltr'>bcbut,</span> <span class='ocrx_word' id='word_1_243' title='bbox 347 3857 385 3914; x_wconf 87' lang='lat' dir='ltr'>et</span> <span class='ocrx_word' id='word_1_244' title='bbox 401 3837 545 3939; x_wconf 80' lang='lat' dir='ltr'>agenda</span> <span class='ocrx_word' id='word_1_245' title='bbox 564 3855 688 3930; x_wconf 83' lang='lat' dir='ltr'>erant,</span> <span class='ocrx_word' id='word_1_246' title='bbox 717 3837 916 3912; x_wconf 86' lang='lat' dir='ltr'>adtendere</span> <span class='ocrx_word' id='word_1_247' title='bbox 936 3840 1109 3940; x_wconf 83' lang='lat' dir='ltr'>potuerit.</span> 
     </span>
    </p>
   </div>
   <div class='ocr_carea' id='block_1_8' title="bbox 155 4018 1305 4238">
    <p class='ocr_par' dir='ltr' id='par_1_9' title="bbox 155 4018 1305 4238">
     <span class='ocr_line' id='line_1_37' title="bbox 155 4018 1305 4120; baseline 0.003 -8"><span class='ocrx_word' id='word_1_248' title='bbox 155 4049 158 4055; x_wconf 86' lang='lat'>&#39;</span> <span class='ocrx_word' id='word_1_249' title='bbox 186 4037 190 4046; x_wconf 82' lang='lat'>&#39;</span> <span class='ocrx_word' id='word_1_250' title='bbox 265 4039 332 4112; x_wconf 85' lang='lat' dir='ltr'>His</span> <span class='ocrx_word' id='word_1_251' title='bbox 349 4038 498 4113; x_wconf 83' lang='lat' dir='ltr'>tandem</span> <span class='ocrx_word' id='word_1_252' title='bbox 514 4018 646 4112; x_wconf 80' lang='lat' dir='ltr'>ultimo</span> <span class='ocrx_word' id='word_1_253' title='bbox 661 4038 748 4112; x_wconf 91' lang='lat' dir='ltr'>looo</span> <span class='ocrx_word' id='word_1_254' title='bbox 761 4037 1305 4120; x_wconf 80' lang='lat' dir='ltr'>succeil&#39;eruntJOHANNES</span> 
     </span>
     <span class='ocr_line' id='line_1_38' title="bbox 189 4136 1304 4238; baseline -0.001 -21"><span class='ocrx_word' id='word_1_255' title='bbox 189 4139 499 4218; x_wconf 67' lang='lat' dir='ltr'>Peenameus</span> <span class='ocrx_word' id='word_1_256' title='bbox 519 4138 830 4233; x_wconf 80' lang='lat' dir='ltr'>GRONOVIUS,</span> <span class='ocrx_word' id='word_1_257' title='bbox 856 4136 997 4237; x_wconf 87' lang='lat' dir='ltr'>optimo</span> <span class='ocrx_word' id='word_1_258' title='bbox 1018 4137 1098 4238; x_wconf 88' lang='lat' dir='ltr'>jure</span> <span class='ocrx_word' id='word_1_259' title='bbox 1116 4163 1304 4238; x_wconf 80' lang='lat' dir='ltr'>mugnus</span> 
     </span>
    </p>
   </div>
   <div class='ocr_carea' id='block_1_9' title="bbox 0 0 1341 4684">
    <p class='ocr_par' dir='ltr' id='par_1_10' title="bbox 0 0 1341 4684">
     <span class='ocr_line' id='line_1_39' title="bbox 0 0 1341 4684; baseline 0 0"><span class='ocrx_word' id='word_1_260' title='bbox 0 0 1341 4684; x_wconf 95' lang='lat' dir='ltr'> </span> 
     </span>
    </p>
   </div>
  </div>
 </body>
</html>
