2726 4676
1042 208 1054 248 i

308 247 914 332 IDLECTOREM.
1097 275 1176 336 srrt

59 510 254 579 procerum
276 499 418 578 cortu,
445 492 606 562 dictante
624 509 688 578 rs,
714 491 851 559 scribut
871 493 909 562 in
932 491 1024 562 libro
1043 496 1107 564 illo
1127 493 1173 561 ds

36 593 280 727 peccabatis,
318 593 422 681 quod
447 591 792 680 comprehensorum
820 589 968 680 dicunt,
1002 597 1171 681 aliquem

64 697 152 762 verbi
180 691 527 782 significationem
564 693 749 764 interdum
777 692 899 762 delent
927 699 1094 786 ntiquom
1121 697 1170 764 uo

66 799 131 862 olio
156 799 267 863 mate
283 795 528 886 descriptum,
554 792 813 880 venementer,
841 797 895 864 cel
916 799 1089 882 illustret,
1115 795 1173 862 id·

71 919 127 982 que
149 897 207 964 illi
235 895 341 964 odeo
352 895 570 982 jucundum
589 914 679 980 esce,
708 897 917 964 utnolisob
939 899 1031 981 olio,
1057 917 1172 986 quum

66 1021 86 1062 o
108 1017 171 1080 se,
198 998 341 1080 scribi,
370 1017 488 1084 quum
511 999 618 1064 Velio
635 997 749 1064 docet.
800 995 880 1064 Hos
901 991 1020 1068 libros
1042 991 1174 1069 llecri·

64 1093 319 1166 minstionnnr
352 1119 466 1192 quum
495 1091 699 1181 scriberet,
739 1107 827 1164 octo
857 1091 1056 1168 sdrnodnns
1084 1092 1173 1166 suni

65 1193 193 1292 clepsi
217 1210 352 1280 erent,
387 1217 432 1264 er
461 1217 537 1292 quo
557 1196 687 1267 Petrus
705 1187 835 1264 luleus
857 1193 1022 1291 ststsnr
1048 1192 1174 1281 venit,

62 1313 112 1364 ut
128 1297 212 1390 ipss
227 1292 371 1366 ibidem
387 1290 540 1366 testetur
556 1317 641 1394 psg.
662 1295 756 1368 631.¹
800 1294 949 1366 l’strunr
971 1309 1093 1368 sutern
1114 1317 1173 1365 re·

65 1391 274 1464 risirsr'litcr
299 1415 405 1464 enno
425 1419 650 1466 rcuccrxrr.
702 1391 865 1488 anetrrn
883 1391 1038 1484 rsnilis,
1065 1411 1175 1465 entes

73 1491 252 1586 «lirinus,
292 1491 470 1590 adeoque
495 1492 639 1567 Vellem
666 1515 767 1566 snno
793 1517 1018 1568 succorum.
1050 1517 1174 1591 regem

80 1590 196 1662 literas
216 1591 378 1664 Latinas
396 1591 559 1664 docnills
579 1589 829 1690 colligendum
849 1591 1005 1665 ridetur.

144 1696 245 1763 Dum
266 1693 310 1763 in
330 1693 404 1763 hoe
426 1694 564 1765 seccllu
585 1692 832 1792 Neapolitano
853 1689 961 1767 Vallo
979 1690 1175 1788 discipulis

72 1791 309 1878 Rhetorica,
328 1791 422 1888 licgi
435 1789 507 1890 ipsi
520 1790 755 1890 eloquentiae
769 1795 961 1866 liornsnse
973 1809 1176 1893 proecepts

73 1893 208 1981 tradit,
234 1909 382 1964 tanturn
402 1910 526 1964 temen
547 1895 614 1965 otii
634 1890 708 1991 ipsi
728 1889 913 1991 superfuit
925 1944 937 1980 ,
963 1910 1004 1966 ut
1022 1892 1176 1992 insuper

67 1990 175 2062 libris
192 1990 487 2064 conscribendis
500 2010 540 2064 ct
557 1991 713 2066 edendis
729 1994 890 2064 animum
904 1991 1094 2092 edpcllere
1107 2017 1174 2090 po·

71 2092 197 2162 tuerit.
246 2096 306 2164 Eo
329 2090 433 2162 forte
462 2091 679 2166 referendus
708 2092 759 2164 eli
783 2090 932 2164 libellus
959 2091 1006 2165 de
1037 2089 1173 2164 hibero

77 2189 252 2276 Arbitrio,
282 2215 396 2288 quesn
422 2192 637 2292 composuit,
657 2191 874 2266 refellendis
898 2190 982 2280 illis,
1010 2214 1108 2290 quos
1127 2191 1175 2266 ds

72 2288 202 2362 cadem
240 2291 399 2363 muteris
430 2291 582 2366 Boetius
615 2291 713 2365 libro
747 2292 879 2392 quinto
917 2291 963 2364 de
991 2291 1182 2366 Consule-¹

55 2389 175 2462 tione
188 2391 459 2489 Philosophiae
474 2392 701 2491 scripseretr
729 2389 1039 2491 quemadmodum
1063 2408 1174 2464 entes

68 2487 176 2563 libris
197 2493 284 2585 ejus
316 2507 481 2588 quatuor
501 2492 688 2592 prioribus
709 2509 940 2595 opposuerat
959 2490 1079 2566 libros
1097 2509 1174 2565 tres

71 2589 119 2660 de
139 2589 353 2690 Voluptate
370 2616 417 2662 rc
434 2591 481 2662 de
504 2617 592 2664 rsro
613 2597 736 2666 Bono.
789 2591 884 2667 Vide
907 2589 1053 2666 Vsllsrn
1073 2593 1111 2662 in
1130 2589 1174 2662 li·

69 2687 172 2760 bello
191 2691 240 2761 de
254 2690 396 2764 hibero
417 2688 558 2766 Arbitr.
573 2710 658 2792 pegi
683 2719 789 2766 sono.
842 2693 963 2792 Quum
978 2691 1075 2764 eninr
1092 2687 1174 2790 poli

72 2786 190 2860 libros
213 2789 263 2862 de
286 2789 492 2890 Voluptate
521 2791 657 2892 Pupius
687 2793 809 2865 editos
838 2791 1076 2892 conscriptor
1098 2789 1171 2879 sit,

73 2913 154 2958 non
178 2888 264 2962 slibi
277 2940 291 2979 ,
329 2912 440 2986 quern
464 2890 521 2966 rel
545 2891 770 2982 Mediolani,
796 2889 854 2964 rel
878 2891 917 2962 in
935 2915 1053 2989 regno
1073 2891 1173 2962 Nes·

67 2987 244 3086 politsno
278 2988 472 3064 conscribi
498 2991 632 3094 posuit.
683 2993 794 3067 Certe
820 3015 904 3064 cunr
926 3009 1015 3064 snts
1036 3013 1173 3064 rsnurn
1258 2985 1268 3005 “

53 3113 304 3171 ,ιοοεοηιιι
322 3091 399 3187 jsnr
416 3090 557 3166 editurn
573 3089 678 3166 inille
696 3091 783 3166 inde
795 3089 945 3190 colligo,
972 3089 1076 3190 quod
1093 3089 1171 3162 dis·

67 3209 221 3260 sensnm
242 3215 266 3259 s
277 3189 414 3262 Boetia
432 3189 534 3267 circs
546 3189 922 3266 Prssdestinetionom
933 3187 1007 3264 sibi
1025 3188 1171 3268 stcio

66 3287 266 3388 objectum
288 3287 394 3362 tuitre
414 3287 574 3382 telistnr,
600 3289 712 3390 siqus
732 3291 961 3391 respondent
982 3288 1088 3365 Velle
1104 3287 1171 3362 tib,

62 3413 117 3458 rr.
141 3388 308 3460 Reorim.
332 3387 372 3460 in
390 3389 543 3464 Fucinus
562 3414 647 3494 psg.
668 3392 755 3488 629.
806 3389 952 3466 Gertius
970 3387 1039 3476 cli,
1072 3387 1171 3490 poli·

62 3512 186 3582 quern
198 3537 211 3575 ,
237 3488 372 3562 relicto
393 3489 629 3578 Mediolano,
652 3489 691 3562 in
709 3515 863 3588 regnum
883 3488 1172 3591 Nespolitsnurn

62 3585 291 3678 socellill'ct,
328 3586 539 3664 coniectsrn
561 3589 632 3664 sffs
650 3589 970 3666 Dsnls'mntionens
989 3589 1040 3662 ds
1058 3586 1171 3662 Falso

64 3687 218 3760 credits
249 3706 288 3762 st
317 3687 499 3764 ementito
523 3687 753 3766 Conlisntini
779 3689 995 3766 donatione.
1055 3692 1097 3762 lu
1124 3706 1172 3760 ss

54 3785 167 3858 'enim
189 3811 278 3888 png.
294 3793 382 3887 793.
403 3787 532 3878 refert,
560 3795 721 3864 flumem
738 3805 840 3864 sesto
856 3791 986 3863 abhinc
1000 3813 1098 3861 oneo
1116 3808 1171 3858 rr·

63 3890 238 3982 bellasse,
256 3915 373 3984 psum
391 3913 522 3980 pacem
536 3895 580 3964 ob
601 3895 765 3986 lingerio
784 3897 941 3966 obtinere
952 3913 1022 3964 non
1037 3895 1171 3980 posset,

62 4011 127 4060 nec
148 4014 228 4080 pax
252 4005 347 4066 essct
372 3995 420 4063 ob
440 3993 627 4080 hostibus,
661 3999 723 4084 qui
746 4017 829 4066 enrn
852 3994 1172 4080 obsidebunt-ip·

87 4116 144 4162 rm
165 4091 280 4193 igitur
291 4094 363 4170 illo
381 4108 554 4192 tempore
567 4097 711 4186 Pnpnm
725 4099 823 4168 intro
841 4096 953 4167 aedes
973 4091 1175 4171 obsedisse,

104 4205 176 4268 Ην.
202 4211 291 4276 rom.
303 4207 341 4270 Χ
349 4209 384 4274 V·
401 4205 444 4266 P·
458 4195 486 4264 1·
739 4193 764 4268 li
