2638 4684
177 256 286 322 arran
435 232 960 349 ktn‘autstto

177 459 252 541 Ubi
277 479 401 536 tamen
427 455 749 558 integerrimorum
777 457 948 558 oodienm
977 480 1188 558 eonsensua
1212 456 1275 530 sel
1301 471 1302 480 ’

173 561 384 636 auctoritas
414 559 662 632 mutationem·
684 555 874 664 exigebat,
912 555 1074 658 optimos
1104 555 1195 630 illos
1226 581 1302 630 uo*

177 661 406 734 eertissimn's
432 659 546 734 dnoes
570 650 701 760 sequi,
736 652 852 730 offitii
876 657 948 730 mei
977 681 1060 732 esse
1085 653 1275 729 existima·

170 761 234 836 *tir
270 760 337 838 sed
369 757 554 833 admissae
582 751 851 830 emendationis
880 781 1049 858 sempor,
1085 773 1302 853 quentnnt

174 857 346 962 tuemini,
381 863 575 934 hectorem
606 855 791 936 in.Notie.
806 855 945 934 monui.
999 859 1041 933 ln
1065 855 1139 929 illis
1163 880 1272 942 sero,
1301 893 1302 920 t

175 983 270 1058 quus
298 957 478 1034 Gronotii
506 956 621 1032 taoite
649 955 895 1056 adoptarunt,
930 953 987 1032 tol
1010 975 1056 1028 er
1077 953 1272 1054 prioribus
1301 979 1302 998 ¹

174 1057 403 1132 editionibus
422 1057 674 1146 retinuerunt,
699 1053 828 1158 paullo
848 1055 1024 1156 majorem
1043 1055 1132 1128 milri
1150 1053 1272 1128 liten-
1301 1103 1302 1156 t

173 1157 263 1234 tiam
299 1183 447 1232 sumere
477 1182 588 1232 ausus
619 1179 711 1230 snm.
779 1155 981 1234 Obserssri
1016 1154 1116 1229 enim
1153 1161 1302 1254 erepet

168 1258 396 1356 'eontigiase,
428 1274 470 1331 ut
497 1255 585 1332 nori
612 1253 798 1347 editores,
834 1283 948 1358 quum
968 1259 1088 1332 Notas
1115 1251 1165 1329 ad
1188 1253 1274 1327 edi·
1301 1267 1302 1272 ’

171 1357 338 1446 tionem,
379 1381 489 1462 quatu
525 1381 619 1460 prae
649 1355 732 1430 aliis
766 1355 1056 1444 emendatiorem
1094 1377 1181 1442 esee
1208 1379 1302 1428 rer

172 1475 368 1562 perorant,
406 1457 717 1544 condonassent,
752 1469 810 1546 et,
845 1482 942 1556 quae
966 1457 1005 1530 in
1033 1453 1272 1554 reprobare
1301 1451 1302 1520 i

172 1585 250 1634 non
269 1572 467 1662 poterant,
491 1551 669 1632 mutanda
691 1581 774 1632 ease
792 1556 1049 1644 monuissent,
1074 1554 1184 1630 eliam
1201 1553 1271 1626 de·
1301 1565 1302 1574 ’

169 1656 284 1746 inde,
316 1657 366 1732 alt
392 1653 459 1750 illu
484 1655 685 1746 diuersam,
720 1655 965 1760 typogrepltis
989 1653 1271 1758 exprimendam
1301 1701 1302 1710 ι

172 1757 345 1832 dederint
354 1784 369 1852 3
407 1757 448 1830 in
477 1781 574 1858 qna,
605 1758 724 1832 Notas
753 1753 841 1830 snas
866 1753 1002 1846 sacnti,
1036 1771 1180 1830 tantum
1210 1779 1272 1826 re·
1301 1797 1302 1856 ι

170 1857 375 1944 finxerant,
402 1882 500 1956 quaa
519 1855 559 1929 io
579 1855 695 1959 priori
715 1856 930 1956 reingerd·
952 1857 1028 1930 sisa
1048 1873 1177 1948 enant3
1209 1853 1271 1926 in·
1301 1889 1302 1924 ι

168 1950 275 2031 'mutu
296 1981 384 2030 raro
404 1955 654 2054 reliquerunt,
689 1948 844 2058 quaein
865 1953 1066 2058 posteriori
1087 1955 1159 2030 ltao
1177 1978 1270 2054 per·

164 2054 297 2158 perum
327 2056 384 2135 rel
413 2055 539 2130 dedita
566 2080 683 2158 opere
711 2055 905 2146 innotata,
948 2056 1006 2129 uel
1032 2054 1144 2158 oulpa
1173 2079 1270 2153 ope·

114 2223 123 2245 ,
170 2180 297 2230 turum
336 2153 533 2234 commissu
567 2153 739 2229 laetante
781 2155 881 2230 unde
912 2154 1023 2230 insoii
1059 2173 1099 2229 et
1122 2171 1270 2228 „eontra

172 2257 285 2328 enimi
320 2255 542 2330 sententiam
578 2271 642 2328 sut
672 2240 827 2328 aliortim
860 2256 1069 2332 temeritate
1101 2253 1271 2328 adsultus

169 2353 376 2443 lectiones,
412 2374 475 2430 aut
505 2379 633 2430 eorum
662 2351 806 2428 incuria
832 2353 1271 2456 relictos'typographo·
1301 2421 1302 2436 ,

170 2481 253 2530 rum
274 2481 421 2530 errores
442 2471 687 2571 receperunt,
721 2471 759 2526 et
785 2453 836 2528 ad
854 2474 1028 2556 posteros
1051 2453 1272 2528 transmise·
1301 2445 1302 2496 1

108 2585 110 2592 ·
148 2553 269 2631 ‘runt¹
325 2555 454 2628 Simile
484 2553 576 2658 quud
600 2551 695 2634 Viro
723 2554 884 2630 Maximo
914 2557 949 2629 3.
978 2559 1039 2628 Fr.
1072 2551 1272 2629 Gronorio
1301 2625 1302 2628 ,

171 2653 211 2728 in
234 2654 339 2730 Lirin
364 2653 499 2731 euenit.
561 2655 681 2730 Notea
709 2652 808 2728 enim
834 2655 1076 2728 conseribene
1102 2652 1272 2752 aliquam
1301 2659 1302 2712 ἒ

170 2779 216 2828 ex
236 2751 483 2842 editionibus,
510 2777 607 2854 quaa
626 2751 861 2830 Gruteritnis
885 2747 1118 2852 antiquiores
1139 2769 1271 2841 erant,

171 2853 226 2926 oh
253 2852 384 2928 oeulos
411 2853 565 2930 ltabuitt
606 2878 703 2955 quae
733 2870 856 2928 autem
886 2851 924 2926 in
956 2852 1063 2927 istius
1089 2867 1272 2926 contextu
1301 2861 1302 2944 3

172 2953 390 3030 inmutanda
418 2952 544 3040 duxit,
576 2955 625 3026 ad
656 2952 859 3051 marginem
889 2951 1067 3027 editionis
1093 2951 1302 3054 auperti-3

170 3051 536 3129 muesssluevirianas
569 3052 727 3152 adjecit,
765 3079 876 3154 quum
903 3051 1056 3152 polleo,
1097 3051 1184 3154 ipso
1211 3053 1275 3150 ju·

167 3153 307 3250 ¹leonte,
338 3151 565 3270 typographi
589 3151 707 3228 eeouti
729 3169 825 3228 sunt
878 3155 1016 3228 Verum
1045 3177 1092 3226 eo
1122 3131 1302 3254 tempo-i

49 3283 56 3302 ’
171 3281 216 3330 re
239 3280 283 3328 ex
306 3276 484 3326 memorie
505 3251 718 3344 exoiderat,
756 3253 979 3342 Gruterum,
1015 3251 1074 3328 rel
1098 3249 1163 3352 qui
1185 3253 1274 3352 ejus

170 3352 325 3429 nomine
358 3349 537 3426 editionis
570 3345 710 3426 euram
737 3350 894 3440 habuit,
936 3352 1178 3455 praesertim,
1228 3369 1302 3438 ut}

172 3471 282 3530 antea
309 3449 459 3539 monui,
494 3449 534 3525 in
561 3450 693 3526 ultima
720 3451 809 3526 anni
836 3455 1100 3530 statuerumt
1131 3449 1274 3526 editio·

170 3579 240 3638 ne.
277 3545 495 3628 inlaudabili
526 3576 572 3624 ao
601 3544 819 3652 periculoso
844 3551 1014 3654 exemplo
1037 3550 1151 3626 verba
1172 3549 1273 3627 Livii

170 3649 376 3732 innumeris
398 3649 493 3724 loeis
517 3649 786 3754 interpolasse,
813 3668 852 3726 et
872 3651 1026 3752 insuper
1045 3653 1085 3725 in
1107 3651 1154 3726 iis
1176 3650 1272 3725 mul·

39 3751 42 3761 ‘
175 3772 238 3826 tos
263 3775 312 3826 eo
337 3747 534 3854 pudendos
562 3776 758 3871 operarum
782 3777 929 3828 errores
956 3751 1190 3854 negligenter
1211 3775 1271 3824 ra·

174 3849 356 3955 liquisset
399 3847 549 3926 easdem
583 3849 894 3955 interpolationes
926 3878 972 3928 ao
1003 3853 1158 3927 mondus
1192 3876 1272 3926 non

174 3950 290 4032 modo
312 3947 603 4048 Blsetirienatn,
635 3951 724 4031 lieet
748 3952 944 4058 pretulero
964 3951 1131 4032 Danielis
1155 3951 1272 4031 Heio·
1301 3970 1302 4026 r

1301 4097 1302 4114 l

1238 4233 1243 4247 ,
1301 4165 1302 4238 l

1301 4319 1302 4338 l
