2726 4676
175 315 235 368 m
331 261 335 272 ’
410 255 1034 361 'ertirnrnrtu'¹

176 525 367 595 auditores
388 519 590 593 numeralia
611 521 781 589 abbatem
799 506 996 615 quemdam
1016 517 1177 608 testatur,
1209 517 1295 620 qui

25 627 39 644 ‘
175 621 302 723 postea
322 619 393 693 tait
411 625 611 714 Episcopus
627 622 900 708 Atrebatensis,
925 617 987 692 lib.
1003 645 1052 692 rr.
1079 607 1209 694 Antid.
1236 623 1293 692 in

175 727 289 820 Pagg.
309 744 394 823 pag.
414 723 498 797 351.
551 725 590 791 ln
613 722 742 790 endem
764 722 852 790 urbe
869 721 1055 810 condidit,
1082 737 1146 794 aut
1168 738 1296 794 certe

173 822 313 895 ibidem
331 818 466 903 edidit,
493 811 698 892 treslibros
718 822 762 889 de
782 810 972 910 Voluptate
993 843 1037 890 ac
1058 843 1139 893 uero
1153 825 1290 908 Bono,

91 971 97 983 «
131 995 137 1004 ,
175 940 289 1022 atqua
311 921 398 993 inde
420 920 467 992 ed
492 921 632 994 amicos
650 925 812 1008 Romae,
848 918 1080 1009 Florentiae,
1118 938 1156 995 et
1178 920 1291 994 alibi

175 1021 374 1120 degentes,
407 1020 505 1094 inter
532 1044 629 1119 qnos
656 1025 868 1109 Gennaes,
896 1025 1140 1111 Leonardus,
1174 1029 1293 1094 Am-

98 1203 100 1210 ,
173 1128 340 1211 brasias,
368 1125 521 1193 Carolus
543 1120 761 1192 nominatim
783 1119 1000 1208 laudantur,
1027 1120 1136 1196 misit.
1168 1121 1290 1198 vide
1336 1151 1337 1154 ¹

172 1222 322 1299 Vallum
343 1219 432 1295 ibid.
455 1245 538 1322 pag.
556 1221 642 1317 343.
661 1218 750 1297 ³⁵1:
770 1237 808 1294 et
825 1218 889 1294 lib.
902 1242 948 1293 ir.
971 1221 1216 1295 Recriminst.
1236 1226 1289 1292 in

172 1321 323 1398 Faciem
349 1345 434 1422 pag.
454 1328 537 1394 ber.
589 1323 630 1392 ln
656 1323 722 1392 boc
749 1345 851 1410 apere
874 1341 911 1391 se
930 1324 1158 1410 respondisse
1181 1345 1291 1412 qua-

174 1435 262 1496 tuor
293 1429 420 1513 primis
453 1425 554 1494 libris
583 1427 700 1492 Bo‘e'tii
729 1421 777 1495 da
805 1421 1076 1496 Consolatione
1098 1419 1288 1494 Philoso-

175 1523 307 1625 phiae,
340 1519 490 1594 testatur
516 1522 554 1594 in
581 1520 679 1594 libro
711 1521 759 1595 de
786 1520 976 1595 Libertate
1000 1519 1158 1594 Arbitrii
1181 1545 1285 1620 pag.
1337 1514 1338 1540 ³

182 1647 291 1697 raoa.
330 1621 473 1696 Eodem
492 1637 660 1722 tempora
676 1619 943 1696 iurisconsulti
965 1619 1116 1719 quidam
1134 1619 1288 1694 barba-

176 1724 209 1795 ri
230 1727 411 1811 Ciceroni,
437 1735 632 1814 tamquam
654 1727 800 1813 loquaci
809 1773 822 1811 ‚
849 1737 884 1794 et
902 1725 1105 1809 verborum,
1129 1745 1288 1792 nonre-

178 1847 284 1912 rum,
311 1828 493 1910 amatori,
519 1827 715 1893 Bortolum
733 1843 970 1913 praeponere,
997 1845 1151 1913 eumque
1167 1827 1286 1894 miris

123 1971 126 1978 ·
179 1927 355 1996 laudibus
373 1928 531 2009 serentes
555 1923 757 2008 adfirmare
779 1931 1017 2011 consuerant,
1060 1927 1205 1994 nullum
1231 1950 1286 1994 ex

182 2030 345 2114 operibus
361 2031 418 2094 M.
442 2028 548 2122 Tullii
577 2047 662 2095 cum
692 2029 745 2095 uel
772 2027 983 2096 breuissime
1007 2027 1151 2094 Bartoli
1175 2028 1287 2096 libel·

181 2129 231 2213 lo,
259 2129 378 2216 qualis
397 2135 452 2195 est
475 2112 738 2218 de'insignibus
760 2135 795 2196 et
812 2129 952 2213 Armis,
979 2125 1286 2213 comparandum

181 2247 269 2296 esse.
307 2224 350 2296 ld
369 2221 582 2322 indignatus
597 2222 720 2311 Valla,
746 2241 788 2296 nt
807 2223 853 2295 iis
873 2247 917 2298 os
939 2221 1155 2314 obstrueret,
1179 2227 1284 2297 scri·

181 2341 247 2426 pta
275 2323 324 2396 sd
349 2323 556 2400 Candidum
576 2322 820 2396 Decembrem
840 2321 1023 2424 Epistola,
1060 2322 1283 2398 doctrinam

181 2424 337 2514 Bartoli,
364 2447 410 2496 aa
431 2422 558 2496 libello
580 2423 681 2497 eirea
697 2423 862 2524 Insignis
877 2439 915 2498 et
926 2425 1040 2497 Arma
1052 2423 1283 2524 expositam,

183 2522 361 2597 insulsam
385 2522 457 2596 alia
480 2521 731 2596 demonstrare
755 2539 913 2596 conatos
934 2521 996 2596 est.
1055 2525 1164 2597 Hane
1182 2523 1284 2625 Epi-

184 2622 309 2696 stulam
328 2621 576 2724 conseripsit,
603 2646 714 2722 qaum
739 2621 859 2698 adhue
883 2622 1020 2722 Papiae
1043 2639 1282 2715 moraretur,

165 2737 343 2823 ¹euinque
362 2747 473 2822 quum
491 2722 540 2796 ad
557 2721 666 2812 aliua,
692 2738 770 2795 tum
789 2720 839 2795 ad
851 2721 1056 2798 Guarinum
1066 2723 1282 2798 Ferrariam

184 2823 304 2917 misit,
330 2821 430 2896 unde
449 2823 487 2894 in
509 2847 553 2896 aa
576 2825 787 2894 Melcbioris
804 2827 977 2895 auunculi
997 2847 1110 2913 nuper
1131 2827 1284 2895 demor-

185 2930 255 3012 tui,
279 2943 317 2996 et
329 2929 535 3014 puellarum
551 2927 789 2995 lirinensium
801 2922 942 3023 potius,
964 2947 1074 3022 quarn
1087 2928 1285 2998 Romana·

184 3049 279 3113 rum,
304 3022 646 3111 Mediolanensium,
665 3025 722 3098 rel
733 3021 1079 3122 Neapolitanorum,
1097 3023 1280 3104 meminit.

182 3127 273 3196 Eam
296 3149 409 3222 quum
431 3121 556 3222 postea
574 3124 707 3196 Facias
726 3127 926 3195 invectivae
943 3129 978 3195 in
992 3129 1187 3196 Bartolum
1204 3149 1281 3196 no-

182 3225 281 3297 mine
301 3223 535 3312 traduceret,
563 3245 604 3294 se
622 3241 764 3296 tantum
788 3227 907 3296 libella
930 3225 982 3295 ad
1004 3223 1280 3298 amicissimum

183 3335 218 3397 et
231 3327 548 3412 facundissimum
566 3327 872 3398 iurisconsultum
893 3329 1066 3396 catonem
1085 3329 1280 3417 Sancium,

56 3435 58 3439 “
183 3425 242 3498 vel
258 3423 432 3516 Saeium,
467 3422 580 3519 (Cato
603 3426 744 3500 Saccus
767 3424 1002 3526 al’hilclpha
1026 3427 1152 3500 vocari
1174 3425 1279 3500 rida-

183 3527 262 3624 tur)
284 3533 417 3617 scripto
441 3529 612 3615 probasse
632 3523 844 3627 respondit,
873 3529 1067 3598 Bartolum
1087 3533 1189 3622 longe
1208 3531 1281 3598 ab·

185 3651 263 3698 esse
282 3653 305 3700 a
319 3631 504 3713 facultate
523 3639 682 3699 ueterum
698 3631 1072 3718 iurisconsultorum
1100 3627 1197 3720 quod
1218 3651 1281 3697 ne-

185 3743 375 3821 quaquam
399 3734 445 3800 iis
463 3729 655 3820 doctrinis,
689 3751 783 3817 quae
807 3722 1281 3813 humanitatem'informa·

185 3842 284 3918 reat,
320 3841 365 3902 ut
389 3835 468 3917 illi,
495 3830 631 3912 fuisset
661 3833 841 3900 excultus.
892 3825 991 3903 Vide
1015 3827 1163 3905 Vallem
1183 3817 1278 3903 ibid.

182 3953 267 4029 pag.
289 3930 373 4030 629.
398 3925 510 4030 Epist.
530 3925 576 4000 ad
594 3926 749 4004 Gandid.
767 3925 963 4002 Decembr.
986 3951 1072 4027 pag.
1091 3929 1177 4020 ⁶34.
1190 3929 1277 4006 6³8.

181 4045 220 4102 at
238 4032 322 4122 ⁶i'·
364 4035 405 4100 ln
435 4025 613 4127 operibus
642 4044 767 4100 tamen
792 4029 874 4127 ejas
897 4027 1007 4102 editis
1027 4025 1192 4128 Epistola
1208 4027 1275 4104 illa

182 4125 351 4204 eandida
371 4131 572 4230 ,Decembri
600 4125 782 4232 inscripta
809 4125 882 4218 eil,
916 4141 999 4204 nan
1029 4152 1118 4204 vero
1146 4129 1277 4205 Catoni

562 4306 569 4355 i
