2726 4676
308 265 423 341 An
489 215 1024 348 auctoritatis
1101 297 1263 350 nvn·

97 503 165 592 ede,
185 521 325 604 utpote
353 505 437 603 qui
464 532 629 608 campos
651 509 799 610 Elysios
821 510 1034 583 inducendo
1055 509 1209 608 religio·

95 631 162 676 nen
188 603 374 703 gentilem
417 606 696 710 adprobaffet,
740 611 982 708 ejusdemque
1015 610 1207 712 inpietatis

96 722 260 780 semmam
277 707 531 781 Pontificem
553 733 656 782 reum
668 707 799 784 daeera
823 727 976 784 conatus
996 711 1105 782 effete
1142 710 1208 781 de·

97 807 174 880 iada
201 805 370 904 graviter
409 810 647 882 sententiam
679 809 848 884 defendit
916 809 1060 910 Quibus
1081 833 1208 906 ‘quam

94 905 255 980 nondum
284 905 363 978 sibi
393 907 643 980 satisfactum
666 909 736 982 elie
757 909 960 984 Merendae
969 961 982 998 ,
1018 909 1117 984 edita
1134 912 1208 984 tta·

91 1005 312 1097 luctatione,
341 1003 580 1098 ostendiffet,
606 1007 713 1084 Valla
734 1009 888 1082 alterata
903 1007 1208 1084 confutationem

89 1105 264 1180 inlunem
276 1107 433 1197 emisit,
462 1133 538 1198 quo
552 1113 667 1198 primo
682 1116 873 1188 aemulum
885 1115 1056 1198 Baoerio,
1082 1115 1209 1182 celebri

90 1213 242 1280 medico
252 1213 498 1296 Bononiensi,
511 1217 707 1298 commisit,
723 1223 764 1282 ut
776 1213 858 1283 tate
873 1217 941 1284 civi
953 1235 1032 1298 suo,
1046 1217 1077 1281 si
1091 1221 1211 1284 veror-

95 1311 171 1380 din
195 1315 269 1400 ejus
289 1316 375 1381 atio
397 1311 585 1381 medicina
596 1364 609 1399 ,
635 1335 747 1402 quant
770 1326 899 1400 morte,
927 1317 1051 1384 sanari
1072 1321 1209 1402 posset,

97 1417 306 1482 curationes
333 1413 554 1501 adhiberet,
580 1435 732 1504 eumque
755 1415 807 1484 od
830 1417 1049 1502 sanitatem,
1075 1417 1107 1482 si
1127 1438 1210 1484 um·

95 1533 363 1604 quantenus
381 1516 546 1601 fuisset,
572 1513 765 1585 reduceret.
820 1511 970 1601 Postea,
998 1529 1039 1584 ut
1055 1513 1209 1586 Moran-

94 1611 192 1686 dan
210 1611 362 1687 Barerii
390 1637 466 1714 ope
489 1629 526 1686 et
547 1612 680 1685 auxilio
704 1613 873 1711 indigere
898 1614 1072 1703 doceret,
1099 1636 1209 1710 argn-

86 1731 257 1802 menta,
281 1711 427 1810 quibus
450 1713 488 1782 in
505 1710 764 1786 Relactatione
786 1737 875 1786 usus
894 1729 996 1801 erat,
1024 1713 1209 1786 examina·

86 1813 182 1908 τίη
217 1828 278 1902 et,
313 1813 382 1912 qui
412 1811 485 1884 iltis
515 1811 735 1884 sententiam
767 1828 831 1885 aut
856 1839 959 1888 suant
987 1811 1208 1902 defendere,

86 1932 172 1986 aut
198 1913 358 1986 alterius
387 1937 607 2012 oppugnare
633 1939 708 1983 non
738 1911 943 2006 dubitarat,
979 1935 1071 1988 aeno
1096 1936 1210 1988 sensu

90 2011 255 2086 destitui
281 2013 460 2086 evincere
480 2028 634 2086 conatus
657 2009 718 2086 est.

186 2209 352 2312 Neapoli
368 2215 529 2284 Romam
548 2211 837 2287 reversueValle
861 2209 900 2286 id
922 2211 1102 2312 agendum
1124 2235 1211 2284 een·
1283 2279 1291 2298 ,

92 2311 212 2400 suit,
238 2329 283 2384 ut
306 2307 485 2384 familiam
512 2337 615 2386 suam
626 2366 639 2402 ,
666 2336 762 2412 quaa
785 2312 986 2386 emoritura
1005 2311 1209 2402 ridebatur,

91 2427 367 2514 propagarete
405 2411 492 2510 qaia
515 2428 638 2484 tamen
659 2414 767 2485 vitam
787 2413 1081 2486 Ecclesiasticarn
1103 2409 1211 2508 aequi

60 2581 68 2592 ,
98 2513 377 2602 constituerat,
416 2511 511 2598 sive,
544 2529 585 2584 ut
614 2513 694 2614 ipse
719 2525 793 2602 ait,
830 2517 929 2606 quod
955 2517 1113 2582 Clericus
1136 2533 1212 2582 esse

100 2621 366 2701 destinasset,
405 2609 624 2709 alegitimia
654 2611 794 2716 nuptiis
830 2611 1017 2686 abstinuit.
1071 2611 1211 2710 Poggio

104 2731 240 2786 nutem
267 2709 399 2814 postea
424 2711 694 2811 exprobrante,
723 2711 1045 2810 quodomnium,
1073 2719 1211 2783 sororis

103 2819 260 2902 mariti,
289 2811 340 2884 ad
364 2835 473 2910 quern
491 2816 645 2884 Romam
669 2812 785 2883 redux
810 2809 1028 2900 deverterat,
1054 2837 1210 2902 seruam,

107 2919 362 3004 corrupisset,
386 2913 650 3006 gravidamque
661 2917 827 3000 fecisset,
853 2912 935 3012 ipse
952 2913 1100 2986 ricissim
1121 2937 1212 2986 con·

105 3015 305 3101 tendens,
337 3011 551 3100 mulierem,
583 3035 627 3084 ex
650 3037 722 3109 qua
744 3030 851 3112 pater
874 3012 996 3086 sectus
1014 3029 1111 3098 eret,
1135 3037 1212 3084 non

110 3139 289 3198 aream,
344 3111 411 3182 aed
452 3109 628 3182 famulam
667 3111 884 3208 ingenuam,
934 3111 1044 3184 bonis
1092 3127 1213 3183 ortam

110 3211 344 3316 parentibus
373 3207 500 3301 suiffe,
546 3210 721 3283 commissi
753 3207 932 3284 facinoris
962 3210 1106 3312 culpam
1138 3209 1213 3286 hoa

112 3314 235 3386 modo
281 3311 453 3383 minuere
498 3308 614 3383 voluit
653 3309 718 3382 lib.
754 3337 802 3384 rr.
853 3310 982 3385 Antid.
1024 3313 1062 3381 in
1099 3313 1212 3408 Pogg.

116 3439 206 3515 pag.
234 3412 321 3489 aaa.
378 3413 507 3506 Quum
545 3416 705 3482 nonnulii
737 3435 903 3482 meorum
928 3417 1213 3503 propinquarum

40 3550 42 3585 r
119 3541 179 3584 me
216 3518 420 3610 virginem,
464 3517 538 3582 sive
570 3513 775 3606 frigidioris
803 3519 981 3602 noturo'e,
1027 3523 1060 3582 et
1099 3515 1140 3583 ob
1176 3511 1216 3580 id

42 3604 45 3667 i
121 3639 192 3686 non
227 3620 410 3688 idoneum
449 3614 617 3706 conjugia
652 3617 938 3705 arbitrarentur,
983 3637 1139 3702 quorum
1173 3637 1217 3683 u·

44 3676 49 3785 i
123 3741 189 3788 nus
219 3727 301 3790 erat
331 3721 389 3786 vir
420 3719 584 3803 sororis,
619 3709 894 3804 quodammodo
925 3719 1073 3800 experiri
1098 3719 1216 3802 cupie-

121 3821 214 3893 bant.
281 3821 410 3888 Volui
434 3821 562 3904 itaque
600 3819 649 3886 eis
682 3815 890 3902 ostendere,
936 3817 973 3884 id
1018 3817 1116 3906 quod
1152 3816 1215 3900 so·

121 3947 252 4015 rerem,
288 3944 368 3994 nan
400 3921 535 3988 ditium
563 3939 636 3986 esse
662 3919 845 4005 corporis,
882 3915 947 3984 ted
970 3919 1084 3987 animi
1106 3918 1217 3984 virtu-
1271 3907 1279 3924 '

115 4037 201 4104 tem:
240 4035 278 4096 et
307 4023 452 4106 simui,
492 4027 536 4086 ut
560 4029 726 4106 'suseeptn
755 4019 880 4102 aliquo
907 4019 1005 4102 prole
1030 4039 1099 4086 nan
1128 4025 1220 4084 esset

117 4131 196 4204 niti
215 4149 333 4201 saror
352 4125 544 4210 molesto,
569 4141 659 4210 quae
683 4121 770 4190 orba
796 4117 913 4186 tiberis
935 4129 1010 4208 est,
1035 4118 1086 4188 ad
1102 4118 1218 4204 santi·
