<?xml version="1.0" encoding="UTF-8"?>
<!DOCTYPE html PUBLIC "-//W3C//DTD XHTML 1.0 Transitional//EN"
    "http://www.w3.org/TR/xhtml1/DTD/xhtml1-transitional.dtd">
<html xmlns="http://www.w3.org/1999/xhtml" xml:lang="en" lang="en">
 <head>
  <title>
</title>
<meta http-equiv="Content-Type" content="text/html;charset=utf-8" />
  <meta name='ocr-system' content='tesseract 3.04.00' />
  <meta name='ocr-capabilities' content='ocr_page ocr_carea ocr_par ocr_line ocrx_word'/>
</head>
<body>
  <div class='ocr_page' id='page_1' title='image "./tliviipatavinih08livygoog_0072.png"; bbox 0 0 2726 4676; ppageno 0'>
   <div class='ocr_carea' id='block_1_1' title="bbox 310 231 1172 348">
    <p class='ocr_par' dir='ltr' id='par_1_1' title="bbox 310 231 1172 348">
     <span class='ocr_line' id='line_1_1' title="bbox 310 231 1172 348; baseline 0 -4"><span class='ocrx_word' id='word_1_1' title='bbox 310 261 425 344; x_wconf 78' lang='lat' dir='ltr'>ao</span> <span class='ocrx_word' id='word_1_2' title='bbox 474 231 924 348; x_wconf 58' lang='lat' dir='ltr'>aeone-REM·</span> <span class='ocrx_word' id='word_1_3' title='bbox 1106 251 1172 320; x_wconf 49' lang='grc' dir='ltr'>μ’</span> 
     </span>
    </p>
   </div>
   <div class='ocr_carea' id='block_1_2' title="bbox 46 495 1195 3588">
    <p class='ocr_par' dir='ltr' id='par_1_2' title="bbox 46 495 1195 3588">
     <span class='ocr_line' id='line_1_2' title="bbox 83 495 1172 600; baseline 0.002 -28"><span class='ocrx_word' id='word_1_4' title='bbox 83 495 205 572; x_wconf 68' lang='lat' dir='ltr'>horum</span> <span class='ocrx_word' id='word_1_5' title='bbox 232 501 484 587; x_wconf 79' lang='lat' dir='ltr'>auctarium,</span> <span class='ocrx_word' id='word_1_6' title='bbox 540 525 607 574; x_wconf 85' lang='lat' dir='ltr'>noa</span> <span class='ocrx_word' id='word_1_7' title='bbox 630 525 751 600; x_wconf 82' lang='lat' dir='ltr'><strong>nuper</strong></span> <span class='ocrx_word' id='word_1_8' title='bbox 773 528 817 575; x_wconf 81' lang='lat' dir='ltr'>er</span> <span class='ocrx_word' id='word_1_9' title='bbox 840 499 1068 578; x_wconf 76' lang='lat' dir='ltr'><strong>bibliotheca</strong></span> <span class='ocrx_word' id='word_1_10' title='bbox 1093 527 1172 576; x_wconf 90' lang='lat' dir='ltr'>mo·</span> 
     </span>
     <span class='ocr_line' id='line_1_3' title="bbox 80 529 1171 698; baseline 0.005 -28"><span class='ocrx_word' id='word_1_11' title='bbox 80 601 202 672; x_wconf 84' lang='lat' dir='ltr'>ualterii</span> <span class='ocrx_word' id='word_1_12' title='bbox 221 601 444 672; x_wconf 82' lang='lat' dir='ltr'>Laurilleni</span> <span class='ocrx_word' id='word_1_13' title='bbox 465 529 642 672; x_wconf 72' lang='lat' dir='ltr'>inlunem</span> <span class='ocrx_word' id='word_1_14' title='bbox 664 619 903 698; x_wconf 77' lang='lat' dir='ltr'>protraxerat.</span> <span class='ocrx_word' id='word_1_15' title='bbox 942 603 1045 684; x_wconf 84' lang='lat' dir='ltr'>Haeo</span> <span class='ocrx_word' id='word_1_16' title='bbox 1069 629 1171 676; x_wconf 64' lang='lat' dir='ltr'>earm·</span> 
     </span>
     <span class='ocr_line' id='line_1_4' title="bbox 76 701 1170 802; baseline 0.005 -31"><span class='ocrx_word' id='word_1_17' title='bbox 76 701 262 772; x_wconf 79' lang='lat' dir='ltr'>modill&#39;rma</span> <span class='ocrx_word' id='word_1_18' title='bbox 283 719 375 772; x_wconf 88' lang='lat' dir='ltr'>erat</span> <span class='ocrx_word' id='word_1_19' title='bbox 399 703 554 774; x_wconf 78' lang='lat' dir='ltr'>oeeaaio</span> <span class='ocrx_word' id='word_1_20' title='bbox 574 701 731 786; x_wconf 72' lang='lat' dir='ltr'>edendi,</span> <span class='ocrx_word' id='word_1_21' title='bbox 760 728 856 802; x_wconf 84' lang='lat' dir='ltr'>quae</span> <span class='ocrx_word' id='word_1_22' title='bbox 875 701 924 775; x_wconf 92' lang='lat' dir='ltr'>ad</span> <span class='ocrx_word' id='word_1_23' title='bbox 943 704 1085 776; x_wconf 86' lang='lat' dir='ltr'>Liriom</span> <span class='ocrx_word' id='word_1_24' title='bbox 1103 705 1170 776; x_wconf 89' lang='lat' dir='ltr'>ad·</span> 
     </span>
     <span class='ocr_line' id='line_1_5' title="bbox 75 799 1174 902; baseline 0.004 -32"><span class='ocrx_word' id='word_1_25' title='bbox 75 817 208 874; x_wconf 83' lang='lat' dir='ltr'>notarat</span> <span class='ocrx_word' id='word_1_26' title='bbox 217 853 229 887; x_wconf 93' lang='lat'>,</span> <span class='ocrx_word' id='word_1_27' title='bbox 262 801 297 871; x_wconf 85' lang='lat' dir='ltr'>ai</span> <span class='ocrx_word' id='word_1_28' title='bbox 324 802 571 900; x_wconf 73' lang='lat' dir='ltr'><strong>typographo</strong></span> <span class='ocrx_word' id='word_1_29' title='bbox 591 799 818 898; x_wconf 72' lang='lat' dir='ltr'>persuadere</span> <span class='ocrx_word' id='word_1_30' title='bbox 840 805 957 902; x_wconf 82' lang='lat' dir='ltr'>pollet</span> <span class='ocrx_word' id='word_1_31' title='bbox 971 853 984 891; x_wconf 93' lang='lat'><em>‚</em></span> <span class='ocrx_word' id='word_1_32' title='bbox 1013 821 1053 876; x_wconf 91' lang='lat' dir='ltr'>ot</span> <span class='ocrx_word' id='word_1_33' title='bbox 1078 811 1174 878; x_wconf 57' lang='lat' dir='ltr'>oon&amp;</span> 
     </span>
     <span class='ocr_line' id='line_1_6' title="bbox 75 899 1170 998; baseline 0.005 -28"><span class='ocrx_word' id='word_1_34' title='bbox 75 900 175 972; x_wconf 84' lang='lat' dir='ltr'>liliam</span> <span class='ocrx_word' id='word_1_35' title='bbox 200 900 401 988; x_wconf 73' lang='lat' dir='ltr'>differret,</span> <span class='ocrx_word' id='word_1_36' title='bbox 438 901 559 972; x_wconf 87' lang='lat' dir='ltr'>donee</span> <span class='ocrx_word' id='word_1_37' title='bbox 585 899 729 998; x_wconf 87' lang='lat' dir='ltr'>reliqua</span> <span class='ocrx_word' id='word_1_38' title='bbox 759 900 978 976; x_wconf 81' lang='lat' dir='ltr'>abaolvisset.</span> <span class='ocrx_word' id='word_1_39' title='bbox 1031 903 1170 976; x_wconf 86' lang='lat' dir='ltr'>Verum</span> 
     </span>
     <span class='ocr_line' id='line_1_7' title="bbox 73 999 1169 1098; baseline 0.004 -28"><span class='ocrx_word' id='word_1_40' title='bbox 73 1000 368 1085; x_wconf 72' lang='lat' dir='ltr'>proditionem,</span> <span class='ocrx_word' id='word_1_41' title='bbox 406 999 637 1098; x_wconf 75' lang='lat' dir='ltr'>quotidianis</span> <span class='ocrx_word' id='word_1_42' title='bbox 663 1001 827 1072; x_wconf 87' lang='lat' dir='ltr'>omnium</span> <span class='ocrx_word' id='word_1_43' title='bbox 852 1001 1049 1074; x_wconf 86' lang='lat' dir='ltr'>doctorum</span> <span class='ocrx_word' id='word_1_44' title='bbox 1073 1003 1169 1074; x_wconf 76' lang='lat' dir='ltr'>rotis</span> 
     </span>
     <span class='ocr_line' id='line_1_8' title="bbox 70 1095 1169 1202; baseline 0.003 -30"><span class='ocrx_word' id='word_1_45' title='bbox 70 1100 297 1198; x_wconf 82' lang='lat' dir='ltr'>eupidiffirue</span> <span class='ocrx_word' id='word_1_46' title='bbox 321 1099 545 1200; x_wconf 79' lang='lat' dir='ltr'>expetitam,</span> <span class='ocrx_word' id='word_1_47' title='bbox 580 1095 715 1171; x_wconf 81' lang='lat' dir='ltr'>diutius</span> <span class='ocrx_word' id='word_1_48' title='bbox 737 1111 967 1188; x_wconf 80' lang='lat' dir='ltr'>moraretur,</span> <span class='ocrx_word' id='word_1_49' title='bbox 1006 1099 1077 1174; x_wconf 86' lang='lat' dir='ltr'>alia</span> <span class='ocrx_word' id='word_1_50' title='bbox 1100 1127 1169 1202; x_wconf 90' lang='lat' dir='ltr'>po·</span> 
     </span>
     <span class='ocr_line' id='line_1_9' title="bbox 69 1197 1168 1298; baseline 0.004 -30"><span class='ocrx_word' id='word_1_51' title='bbox 69 1199 139 1272; x_wconf 80' lang='lat' dir='ltr'>tiua</span> <span class='ocrx_word' id='word_1_52' title='bbox 161 1199 314 1272; x_wconf 82' lang='lat' dir='ltr'>ratione</span> <span class='ocrx_word' id='word_1_53' title='bbox 342 1225 384 1272; x_wconf 81' lang='lat' dir='ltr'>ae</span> <span class='ocrx_word' id='word_1_54' title='bbox 414 1199 464 1271; x_wconf 91' lang='lat' dir='ltr'>ad</span> <span class='ocrx_word' id='word_1_55' title='bbox 492 1200 558 1272; x_wconf 82' lang='lat' dir='ltr'>has</span> <span class='ocrx_word' id='word_1_56' title='bbox 585 1197 715 1298; x_wconf 86' lang='lat' dir='ltr'>epolaa</span> <span class='ocrx_word' id='word_1_57' title='bbox 740 1199 947 1298; x_wconf 81' lang='lat' dir='ltr'>rymbolam</span> <span class='ocrx_word' id='word_1_58' title='bbox 974 1199 1168 1290; x_wconf 84' lang='lat' dir='ltr'>conferre,</span> 
     </span>
     <span class='ocr_line' id='line_1_10' title="bbox 67 1297 1168 1400; baseline 0.002 -30"><span class='ocrx_word' id='word_1_59' title='bbox 67 1319 106 1370; x_wconf 88' lang='lat' dir='ltr'>et</span> <span class='ocrx_word' id='word_1_60' title='bbox 124 1297 227 1372; x_wconf 79' lang='lat' dir='ltr'>Livio</span> <span class='ocrx_word' id='word_1_61' title='bbox 257 1303 424 1396; x_wconf 73' lang='lat' dir='ltr'>ejusque</span> <span class='ocrx_word' id='word_1_62' title='bbox 453 1298 656 1372; x_wconf 79' lang='lat' dir='ltr'>lectoribus</span> <span class='ocrx_word' id='word_1_63' title='bbox 688 1299 858 1396; x_wconf 87' lang='lat' dir='ltr'>prodelle</span> <span class='ocrx_word' id='word_1_64' title='bbox 885 1299 985 1400; x_wconf 79' lang='lat' dir='ltr'>poll&#39;e</span> <span class='ocrx_word' id='word_1_65' title='bbox 1010 1297 1168 1374; x_wconf 84' lang='lat' dir='ltr'>arbitra·</span> 
     </span>
     <span class='ocr_line' id='line_1_11' title="bbox 67 1397 1168 1490; baseline 0.003 -21"><span class='ocrx_word' id='word_1_66' title='bbox 67 1415 131 1470; x_wconf 76' lang='lat' dir='ltr'>tur</span> <span class='ocrx_word' id='word_1_67' title='bbox 155 1398 212 1470; x_wconf 70' lang='lat' dir='ltr'>att</span> <span class='ocrx_word' id='word_1_68' title='bbox 266 1399 409 1471; x_wconf 78' lang='lat' dir='ltr'>Faucia</span> <span class='ocrx_word' id='word_1_69' title='bbox 439 1415 525 1470; x_wconf 87' lang='lat' dir='ltr'>anta</span> <span class='ocrx_word' id='word_1_70' title='bbox 555 1397 662 1469; x_wconf 83' lang='lat' dir='ltr'>aonia</span> <span class='ocrx_word' id='word_1_71' title='bbox 695 1397 896 1471; x_wconf 80' lang='lat' dir='ltr'>Calliodori</span> <span class='ocrx_word' id='word_1_72' title='bbox 933 1401 1168 1490; x_wconf 78' lang='lat' dir='ltr'>chronicon,</span> 
     </span>
     <span class='ocr_line' id='line_1_12' title="bbox 68 1493 1169 1596; baseline 0.007 -30"><span class='ocrx_word' id='word_1_73' title='bbox 68 1498 149 1570; x_wconf 84' lang='lat' dir='ltr'>sire</span> <span class='ocrx_word' id='word_1_74' title='bbox 177 1499 403 1596; x_wconf 69' lang='lat' dir='ltr'>catalogum</span> <span class='ocrx_word' id='word_1_75' title='bbox 435 1497 483 1570; x_wconf 86' lang='lat' dir='ltr'>de</span> <span class='ocrx_word' id='word_1_76' title='bbox 513 1493 736 1572; x_wconf 82' lang='lat' dir='ltr'>Gouaoliboa</span> <span class='ocrx_word' id='word_1_77' title='bbox 764 1499 961 1584; x_wconf 83' lang='lat' dir='ltr'>Romanis,</span> <span class='ocrx_word' id='word_1_78' title='bbox 998 1499 1169 1574; x_wconf 83' lang='lat' dir='ltr'>ediderat</span> 
     </span>
     <span class='ocr_line' id='line_1_13' title="bbox 68 1595 1168 1696; baseline 0.004 -26"><span class='ocrx_word' id='word_1_79' title='bbox 68 1599 232 1670; x_wconf 82' lang='lat' dir='ltr'>Joaunea</span> <span class='ocrx_word' id='word_1_80' title='bbox 254 1596 466 1682; x_wconf 81' lang='lat' dir='ltr'>Goeloena,</span> <span class='ocrx_word' id='word_1_81' title='bbox 495 1597 650 1695; x_wconf 78' lang='lat' dir='ltr'>iusignia</span> <span class='ocrx_word' id='word_1_82' title='bbox 665 1597 901 1696; x_wconf 82' lang='lat' dir='ltr'>Theologoa,</span> <span class='ocrx_word' id='word_1_83' title='bbox 930 1595 1105 1674; x_wconf 87' lang='lat' dir='ltr'>Glareani</span> <span class='ocrx_word' id='word_1_84' title='bbox 1129 1601 1168 1674; x_wconf 91' lang='lat' dir='ltr'>in</span> 
     </span>
     <span class='ocr_line' id='line_1_14' title="bbox 65 1693 1169 1796; baseline 0.003 -28"><span class='ocrx_word' id='word_1_85' title='bbox 65 1697 345 1770; x_wconf 76' lang='lat' dir='ltr'>Mathematioir</span> <span class='ocrx_word' id='word_1_86' title='bbox 367 1715 612 1796; x_wconf 64' lang='lat' dir='ltr'>praeceptam</span> <span class='ocrx_word' id='word_1_87' title='bbox 649 1693 718 1768; x_wconf 87' lang='lat' dir='ltr'>red</span> <span class='ocrx_word' id='word_1_88' title='bbox 739 1695 834 1770; x_wconf 86' lang='lat' dir='ltr'>liber</span> <span class='ocrx_word' id='word_1_89' title='bbox 859 1697 1058 1772; x_wconf 80' lang='lat' dir='ltr'>admodum</span> <span class='ocrx_word' id='word_1_90' title='bbox 1084 1725 1169 1772; x_wconf 88' lang='lat' dir='ltr'>cor·</span> 
     </span>
     <span class='ocr_line' id='line_1_15' title="bbox 64 1793 1169 1898; baseline 0.007 -34"><span class='ocrx_word' id='word_1_91' title='bbox 64 1815 197 1894; x_wconf 82' lang='lat' dir='ltr'>ruptor</span> <span class='ocrx_word' id='word_1_92' title='bbox 223 1797 445 1895; x_wconf 76' lang='lat' dir='ltr'>prodierat:</span> <span class='ocrx_word' id='word_1_93' title='bbox 487 1798 591 1893; x_wconf 82' lang='lat' dir='ltr'>c&#39;ojoa</span> <span class='ocrx_word' id='word_1_94' title='bbox 614 1793 852 1894; x_wconf 82' lang='lat' dir='ltr'>posteriorem</span> <span class='ocrx_word' id='word_1_95' title='bbox 879 1815 1021 1898; x_wconf 86' lang='lat' dir='ltr'>partem</span> <span class='ocrx_word' id='word_1_96' title='bbox 1049 1821 1169 1896; x_wconf 86' lang='lat' dir='ltr'>nuper</span> 
     </span>
     <span class='ocr_line' id='line_1_16' title="bbox 64 1895 1170 1986; baseline 0.004 -20"><span class='ocrx_word' id='word_1_97' title='bbox 64 1897 309 1982; x_wconf 84' lang='lat' dir='ltr'>llaloander,</span> <span class='ocrx_word' id='word_1_98' title='bbox 341 1895 512 1968; x_wconf 89' lang='lat' dir='ltr'>eodieem</span> <span class='ocrx_word' id='word_1_99' title='bbox 532 1895 794 1970; x_wconf 79' lang='lat' dir='ltr'>lustinianeom</span> <span class='ocrx_word' id='word_1_100' title='bbox 817 1897 1042 1986; x_wconf 79' lang='lat' dir='ltr'>emendans,</span> <span class='ocrx_word' id='word_1_101' title='bbox 1076 1895 1170 1970; x_wconf 91' lang='lat' dir='ltr'>mol·</span> 
     </span>
     <span class='ocr_line' id='line_1_17' title="bbox 62 1993 1167 2088; baseline 0.006 -24"><span class='ocrx_word' id='word_1_102' title='bbox 62 1995 111 2066; x_wconf 88' lang='lat' dir='ltr'>tia</span> <span class='ocrx_word' id='word_1_103' title='bbox 144 1997 181 2066; x_wconf 89' lang='lat' dir='ltr'>io</span> <span class='ocrx_word' id='word_1_104' title='bbox 213 1995 315 2069; x_wconf 84' lang='lat' dir='ltr'>loeir</span> <span class='ocrx_word' id='word_1_105' title='bbox 343 1995 562 2066; x_wconf 80' lang='lat' dir='ltr'>restituerat.</span> <span class='ocrx_word' id='word_1_106' title='bbox 615 1993 733 2068; x_wconf 86' lang='lat' dir='ltr'>Simili</span> <span class='ocrx_word' id='word_1_107' title='bbox 765 1995 876 2088; x_wconf 76' lang='lat' dir='ltr'>igitur</span> <span class='ocrx_word' id='word_1_108' title='bbox 909 1997 1021 2068; x_wconf 91' lang='lat' dir='ltr'>modo</span> <span class='ocrx_word' id='word_1_109' title='bbox 1053 1999 1167 2072; x_wconf 89' lang='lat' dir='ltr'>etiam</span> 
     </span>
     <span class='ocr_line' id='line_1_18' title="bbox 60 2093 1168 2193; baseline 0.005 -28"><span class='ocrx_word' id='word_1_110' title='bbox 60 2095 231 2193; x_wconf 87' lang='lat' dir='ltr'>priorem</span> <span class='ocrx_word' id='word_1_111' title='bbox 253 2123 276 2168; x_wconf 84' lang='lat' dir='ltr'>a</span> <span class='ocrx_word' id='word_1_112' title='bbox 299 2093 536 2166; x_wconf 85' lang='lat' dir='ltr'>librariorum</span> <span class='ocrx_word' id='word_1_113' title='bbox 558 2093 745 2166; x_wconf 71' lang='lat' dir='ltr'>erroribus</span> <span class='ocrx_word' id='word_1_114' title='bbox 767 2093 989 2168; x_wconf 75' lang='lat' dir='ltr'>liberaturae</span> <span class='ocrx_word' id='word_1_115' title='bbox 1013 2097 1168 2171; x_wconf 82' lang='lat' dir='ltr'>Glarea-</span> 
     </span>
     <span class='ocr_line' id='line_1_19' title="bbox 59 2191 1167 2298; baseline 0.005 -34"><span class='ocrx_word' id='word_1_116' title='bbox 59 2220 132 2266; x_wconf 77' lang='lat' dir='ltr'>nua</span> <span class='ocrx_word' id='word_1_117' title='bbox 162 2195 353 2284; x_wconf 78' lang='lat' dir='ltr'>rationein</span> <span class='ocrx_word' id='word_1_118' title='bbox 383 2213 611 2294; x_wconf 86' lang='lat' dir='ltr'>temporum,</span> <span class='ocrx_word' id='word_1_119' title='bbox 652 2193 728 2266; x_wconf 84' lang='lat' dir='ltr'>aire</span> <span class='ocrx_word' id='word_1_120' title='bbox 753 2191 1060 2294; x_wconf 81' lang='lat' dir='ltr'>Chronologiam,</span> <span class='ocrx_word' id='word_1_121' title='bbox 1099 2221 1167 2298; x_wconf 66' lang='lat' dir='ltr'>pet·</span> 
     </span>
     <span class='ocr_line' id='line_1_20' title="bbox 59 2287 1167 2393; baseline 0.005 -29"><span class='ocrx_word' id='word_1_122' title='bbox 59 2287 211 2392; x_wconf 66' lang='lat' dir='ltr'>Reges,</span> <span class='ocrx_word' id='word_1_123' title='bbox 240 2294 425 2368; x_wconf 75' lang='lat' dir='ltr'>Consules</span> <span class='ocrx_word' id='word_1_124' title='bbox 437 2347 450 2382; x_wconf 93' lang='lat'>,</span> <span class='ocrx_word' id='word_1_125' title='bbox 475 2293 643 2393; x_wconf 87' lang='lat' dir='ltr'>alioaqoe</span> <span class='ocrx_word' id='word_1_126' title='bbox 664 2293 889 2388; x_wconf 77' lang='lat' dir='ltr'>magistratus</span> <span class='ocrx_word' id='word_1_127' title='bbox 912 2295 961 2366; x_wconf 86' lang='lat' dir='ltr'>ab.</span> <span class='ocrx_word' id='word_1_128' title='bbox 980 2296 1086 2367; x_wconf 89' lang='lat' dir='ltr'>initio</span> <span class='ocrx_word' id='word_1_129' title='bbox 1108 2324 1167 2370; x_wconf 87' lang='lat' dir='ltr'>re·</span> 
     </span>
     <span class='ocr_line' id='line_1_21' title="bbox 56 2392 1166 2492; baseline 0.006 -30"><span class='ocrx_word' id='word_1_130' title='bbox 56 2419 145 2466; x_wconf 86' lang='lat' dir='ltr'>rom</span> <span class='ocrx_word' id='word_1_131' title='bbox 160 2399 417 2466; x_wconf 76' lang='lat' dir='ltr'>Romanarum</span> <span class='ocrx_word' id='word_1_132' title='bbox 439 2417 558 2490; x_wconf 79' lang='lat' dir='ltr'>oeque</span> <span class='ocrx_word' id='word_1_133' title='bbox 582 2395 629 2466; x_wconf 90' lang='lat' dir='ltr'>ad</span> <span class='ocrx_word' id='word_1_134' title='bbox 651 2392 743 2466; x_wconf 91' lang='lat' dir='ltr'>illud</span> <span class='ocrx_word' id='word_1_135' title='bbox 764 2411 906 2492; x_wconf 77' lang='lat' dir='ltr'>tempor</span> <span class='ocrx_word' id='word_1_136' title='bbox 929 2395 1096 2480; x_wconf 80' lang='lat' dir='ltr'>deduxit,</span> <span class='ocrx_word' id='word_1_137' title='bbox 1126 2399 1166 2470; x_wconf 88' lang='lat' dir='ltr'>in</span> 
     </span>
     <span class='ocr_line' id='line_1_22' title="bbox 57 2491 1163 2588; baseline 0.004 -23"><span class='ocrx_word' id='word_1_138' title='bbox 57 2517 141 2588; x_wconf 87' lang='lat' dir='ltr'>quo</span> <span class='ocrx_word' id='word_1_139' title='bbox 160 2492 316 2566; x_wconf 75' lang='lat' dir='ltr'>historia</span> <span class='ocrx_word' id='word_1_140' title='bbox 332 2493 480 2564; x_wconf 75' lang='lat' dir='ltr'>biviana</span> <span class='ocrx_word' id='word_1_141' title='bbox 502 2491 657 2566; x_wconf 72' lang='lat' dir='ltr'>derinin</span> <span class='ocrx_word' id='word_1_142' title='bbox 681 2493 720 2562; x_wconf 92' lang='lat' dir='ltr'>in</span> <span class='ocrx_word' id='word_1_143' title='bbox 739 2517 786 2564; x_wconf 89' lang='lat' dir='ltr'>eo</span> <span class='ocrx_word' id='word_1_144' title='bbox 805 2513 926 2566; x_wconf 85' lang='lat' dir='ltr'>aotam</span> <span class='ocrx_word' id='word_1_145' title='bbox 946 2493 1019 2566; x_wconf 85' lang='lat' dir='ltr'>hoe</span> <span class='ocrx_word' id='word_1_146' title='bbox 1038 2497 1163 2568; x_wconf 88' lang='lat' dir='ltr'>animo</span> 
     </span>
     <span class='ocr_line' id='line_1_23' title="bbox 57 2590 1163 2693; baseline 0.007 -31"><span class='ocrx_word' id='word_1_147' title='bbox 57 2617 103 2662; x_wconf 81' lang='lat' dir='ltr'>ae</span> <span class='ocrx_word' id='word_1_148' title='bbox 134 2611 323 2665; x_wconf 73' lang='lat' dir='ltr'>verutum</span> <span class='ocrx_word' id='word_1_149' title='bbox 345 2593 416 2664; x_wconf 82' lang='lat' dir='ltr'>elle</span> <span class='ocrx_word' id='word_1_150' title='bbox 440 2590 716 2678; x_wconf 83' lang='lat' dir='ltr'>eonlellurest‚</span> <span class='ocrx_word' id='word_1_151' title='bbox 757 2611 814 2680; x_wconf 89' lang='lat' dir='ltr'>ot,</span> <span class='ocrx_word' id='word_1_152' title='bbox 852 2593 1163 2693; x_wconf 85' lang='lat' dir='ltr'>quemadmodum</span> 
     </span>
     <span class='ocr_line' id='line_1_24' title="bbox 54 2690 1162 2792; baseline 0.005 -32"><span class='ocrx_word' id='word_1_153' title='bbox 54 2691 162 2764; x_wconf 80' lang='lat' dir='ltr'>inter</span> <span class='ocrx_word' id='word_1_154' title='bbox 184 2693 338 2778; x_wconf 64' lang='lat' dir='ltr'>Livium,</span> <span class='ocrx_word' id='word_1_155' title='bbox 355 2710 393 2764; x_wconf 88' lang='lat' dir='ltr'>et</span> <span class='ocrx_word' id='word_1_156' title='bbox 413 2690 666 2766; x_wconf 81' lang='lat' dir='ltr'>Gaffiodorom</span> <span class='ocrx_word' id='word_1_157' title='bbox 697 2715 773 2763; x_wconf 88' lang='lat' dir='ltr'>oon</span> <span class='ocrx_word' id='word_1_158' title='bbox 802 2693 940 2792; x_wconf 82' lang='lat' dir='ltr'>obiqoa</span> <span class='ocrx_word' id='word_1_159' title='bbox 967 2699 1162 2783; x_wconf 80' lang='lat' dir='ltr'>convenit,</span> 
     </span>
     <span class='ocr_line' id='line_1_25' title="bbox 55 2789 1162 2894; baseline 0.004 -34"><span class='ocrx_word' id='word_1_160' title='bbox 55 2789 115 2860; x_wconf 83' lang='lat' dir='ltr'>ita</span> <span class='ocrx_word' id='word_1_161' title='bbox 138 2794 252 2864; x_wconf 84' lang='lat' dir='ltr'>etiarn</span> <span class='ocrx_word' id='word_1_162' title='bbox 276 2794 360 2894; x_wconf 77' lang='lat' dir='ltr'>ipae</span> <span class='ocrx_word' id='word_1_163' title='bbox 378 2816 503 2889; x_wconf 82' lang='lat' dir='ltr'>neque</span> <span class='ocrx_word' id='word_1_164' title='bbox 522 2817 605 2864; x_wconf 90' lang='lat' dir='ltr'>eom</span> <span class='ocrx_word' id='word_1_165' title='bbox 625 2789 716 2876; x_wconf 87' lang='lat' dir='ltr'>hoe,</span> <span class='ocrx_word' id='word_1_166' title='bbox 743 2813 864 2889; x_wconf 82' lang='lat' dir='ltr'>oeque</span> <span class='ocrx_word' id='word_1_167' title='bbox 888 2817 971 2865; x_wconf 90' lang='lat' dir='ltr'>eum</span> <span class='ocrx_word' id='word_1_168' title='bbox 995 2793 1059 2863; x_wconf 90' lang='lat' dir='ltr'>illo</span> <span class='ocrx_word' id='word_1_169' title='bbox 1083 2819 1162 2864; x_wconf 88' lang='lat' dir='ltr'>om·</span> 
     </span>
     <span class='ocr_line' id='line_1_26' title="bbox 54 2887 1160 2988; baseline 0.005 -27"><span class='ocrx_word' id='word_1_170' title='bbox 54 2891 172 2963; x_wconf 76' lang='lat' dir='ltr'>nibus</span> <span class='ocrx_word' id='word_1_171' title='bbox 194 2891 291 2964; x_wconf 76' lang='lat' dir='ltr'>loeis</span> <span class='ocrx_word' id='word_1_172' title='bbox 313 2887 557 2966; x_wconf 81' lang='lat' dir='ltr'>oonaeoaerit.</span> <span class='ocrx_word' id='word_1_173' title='bbox 609 2891 715 2964; x_wconf 84' lang='lat' dir='ltr'>Hane</span> <span class='ocrx_word' id='word_1_174' title='bbox 740 2891 852 2988; x_wconf 81' lang='lat' dir='ltr'>igitur</span> <span class='ocrx_word' id='word_1_175' title='bbox 872 2893 1160 2988; x_wconf 73' lang='lat' dir='ltr'>chronologiam</span> 
     </span>
     <span class='ocr_line' id='line_1_27' title="bbox 51 2989 1195 3077; baseline 0.002 -15"><span class='ocrx_word' id='word_1_176' title='bbox 51 3010 295 3064; x_wconf 79' lang='lat' dir='ltr'>memoratae</span> <span class='ocrx_word' id='word_1_177' title='bbox 333 2989 490 3064; x_wconf 81' lang='lat' dir='ltr'>editioni</span> <span class='ocrx_word' id='word_1_178' title='bbox 524 2989 783 3064; x_wconf 75' lang='lat' dir='ltr'>Frobenianaa</span> <span class='ocrx_word' id='word_1_179' title='bbox 821 2989 907 3062; x_wconf 89' lang='lat' dir='ltr'>anni</span> <span class='ocrx_word' id='word_1_180' title='bbox 946 3003 1156 3066; x_wconf 78' lang='lat' dir='ltr'>etntoxxxr.</span> <span class='ocrx_word' id='word_1_181' title='bbox 1193 3068 1195 3077; x_wconf 70' lang='grc'>,</span> 
     </span>
     <span class='ocr_line' id='line_1_28' title="bbox 48 3087 1159 3206; baseline 0.003 -46"><span class='ocrx_word' id='word_1_182' title='bbox 48 3091 250 3188; x_wconf 82' lang='lat' dir='ltr'>subjecit,</span> <span class='ocrx_word' id='word_1_183' title='bbox 278 3115 434 3189; x_wconf 85' lang='lat' dir='ltr'>eamque</span> <span class='ocrx_word' id='word_1_184' title='bbox 456 3089 665 3164; x_wconf 83' lang='lat' dir='ltr'>Baltltauari</span> <span class='ocrx_word' id='word_1_185' title='bbox 689 3091 879 3206; x_wconf 75' lang='lat' dir='ltr'>Episcopo</span> <span class='ocrx_word' id='word_1_186' title='bbox 904 3087 1159 3164; x_wconf 76' lang='lat' dir='ltr'>Gonllamien·</span> 
     </span>
     <span class='ocr_line' id='line_1_29' title="bbox 48 3189 1158 3291; baseline 0.002 -31"><span class='ocrx_word' id='word_1_187' title='bbox 48 3191 109 3276; x_wconf 84' lang='lat' dir='ltr'>si,</span> <span class='ocrx_word' id='word_1_188' title='bbox 140 3191 389 3291; x_wconf 80' lang='lat' dir='ltr'>imperatoria</span> <span class='ocrx_word' id='word_1_189' title='bbox 407 3189 531 3264; x_wconf 84' lang='lat' dir='ltr'>Caroli</span> <span class='ocrx_word' id='word_1_190' title='bbox 553 3190 672 3288; x_wconf 86' lang='lat' dir='ltr'>quinti</span> <span class='ocrx_word' id='word_1_191' title='bbox 695 3189 1028 3274; x_wconf 73' lang='lat' dir='ltr'>ltceeanoellario,</span> <span class='ocrx_word' id='word_1_192' title='bbox 1057 3197 1158 3262; x_wconf 43' lang='lat' dir='ltr'>ollae·</span> 
     </span>
     <span class='ocr_line' id='line_1_30' title="bbox 46 3287 1155 3389; baseline 0 -27"><span class='ocrx_word' id='word_1_193' title='bbox 46 3291 185 3364; x_wconf 79' lang='lat' dir='ltr'>cenati</span> <span class='ocrx_word' id='word_1_194' title='bbox 207 3316 298 3378; x_wconf 83' lang='lat' dir='ltr'>ruo,</span> <span class='ocrx_word' id='word_1_195' title='bbox 325 3287 521 3363; x_wconf 79' lang='lat' dir='ltr'>dedicarit.</span> <span class='ocrx_word' id='word_1_196' title='bbox 562 3295 615 3362; x_wconf 84' lang='lat' dir='ltr'>Ex</span> <span class='ocrx_word' id='word_1_197' title='bbox 638 3315 684 3362; x_wconf 88' lang='lat' dir='ltr'>eo</span> <span class='ocrx_word' id='word_1_198' title='bbox 706 3307 874 3389; x_wconf 84' lang='lat' dir='ltr'>tempora</span> <span class='ocrx_word' id='word_1_199' title='bbox 896 3315 1007 3386; x_wconf 85' lang='lat' dir='ltr'>quom</span> <span class='ocrx_word' id='word_1_200' title='bbox 1027 3297 1155 3362; x_wconf 85' lang='lat' dir='ltr'>Anno·</span> 
     </span>
     <span class='ocr_line' id='line_1_31' title="bbox 46 3387 1155 3488; baseline 0 -28"><span class='ocrx_word' id='word_1_201' title='bbox 46 3391 224 3462; x_wconf 85' lang='lat' dir='ltr'>tatiouea</span> <span class='ocrx_word' id='word_1_202' title='bbox 242 3391 281 3462; x_wconf 88' lang='lat' dir='ltr'>iu</span> <span class='ocrx_word' id='word_1_203' title='bbox 302 3391 444 3461; x_wconf 68' lang='lat' dir='ltr'>[sirium</span> <span class='ocrx_word' id='word_1_204' title='bbox 460 3387 646 3464; x_wconf 85' lang='lat' dir='ltr'>Glareano</span> <span class='ocrx_word' id='word_1_205' title='bbox 666 3387 800 3460; x_wconf 85' lang='lat' dir='ltr'>lentior</span> <span class='ocrx_word' id='word_1_206' title='bbox 816 3387 1081 3488; x_wconf 78' lang='lat' dir='ltr'>procederent,</span> <span class='ocrx_word' id='word_1_207' title='bbox 1112 3389 1155 3460; x_wconf 87' lang='lat' dir='ltr'>li·</span> 
     </span>
     <span class='ocr_line' id='line_1_32' title="bbox 47 3487 1153 3588; baseline -0.001 -27"><span class='ocrx_word' id='word_1_208' title='bbox 47 3507 116 3562; x_wconf 86' lang='lat' dir='ltr'>eet</span> <span class='ocrx_word' id='word_1_209' title='bbox 136 3517 179 3564; x_wconf 81' lang='lat' dir='ltr'>ae</span> <span class='ocrx_word' id='word_1_210' title='bbox 199 3491 272 3588; x_wconf 84' lang='lat' dir='ltr'>jam</span> <span class='ocrx_word' id='word_1_211' title='bbox 294 3515 396 3564; x_wconf 87' lang='lat' dir='ltr'>anno</span> <span class='ocrx_word' id='word_1_212' title='bbox 415 3487 586 3586; x_wconf 82' lang='lat' dir='ltr'>sequenti</span> <span class='ocrx_word' id='word_1_213' title='bbox 607 3491 730 3560; x_wconf 88' lang='lat' dir='ltr'>e&#39;arom</span> <span class='ocrx_word' id='word_1_214' title='bbox 751 3489 894 3588; x_wconf 76' lang='lat' dir='ltr'>plores,</span> <span class='ocrx_word' id='word_1_215' title='bbox 924 3513 1031 3585; x_wconf 88' lang='lat' dir='ltr'>qoam</span> <span class='ocrx_word' id='word_1_216' title='bbox 1055 3489 1153 3560; x_wconf 85' lang='lat' dir='ltr'>millo</span> 
     </span>
    </p>
   </div>
   <div class='ocr_carea' id='block_1_3' title="bbox 49 3583 1153 4189">
    <p class='ocr_par' dir='ltr' id='par_1_3' title="bbox 49 3583 1153 4189">
     <span class='ocr_line' id='line_1_33' title="bbox 49 3583 1153 3688; baseline 0 -28"><span class='ocrx_word' id='word_1_217' title='bbox 49 3593 294 3688; x_wconf 80' lang='lat' dir='ltr'>quingentae,</span> <span class='ocrx_word' id='word_1_218' title='bbox 323 3587 511 3684; x_wconf 79' lang='lat' dir='ltr'>eollegill&#39;a</span> <span class='ocrx_word' id='word_1_219' title='bbox 529 3589 665 3660; x_wconf 66' lang='lat' dir='ltr'>,loanni</span> <span class='ocrx_word' id='word_1_220' title='bbox 687 3585 844 3658; x_wconf 78' lang='lat' dir='ltr'>aLaalto</span> <span class='ocrx_word' id='word_1_221' title='bbox 865 3611 933 3687; x_wconf 87' lang='lat' dir='ltr'>par</span> <span class='ocrx_word' id='word_1_222' title='bbox 951 3583 1075 3658; x_wconf 76' lang='lat' dir='ltr'>literas</span> <span class='ocrx_word' id='word_1_223' title='bbox 1096 3593 1153 3660; x_wconf 89' lang='lat' dir='ltr'>in·</span> 
     </span>
     <span class='ocr_line' id='line_1_34' title="bbox 52 3685 1150 3792; baseline 0 -32"><span class='ocrx_word' id='word_1_224' title='bbox 52 3691 190 3762; x_wconf 84' lang='lat' dir='ltr'>dicarit</span> <span class='ocrx_word' id='word_1_225' title='bbox 209 3691 309 3792; x_wconf 86' lang='lat' dir='ltr'>apud</span> <span class='ocrx_word' id='word_1_226' title='bbox 323 3689 522 3764; x_wconf 83' lang='lat' dir='ltr'>Gabbema</span> <span class='ocrx_word' id='word_1_227' title='bbox 539 3687 630 3761; x_wconf 87' lang='lat' dir='ltr'>diet.</span> <span class='ocrx_word' id='word_1_228' title='bbox 646 3685 720 3760; x_wconf 89' lang='lat' dir='ltr'>loe.</span> <span class='ocrx_word' id='word_1_229' title='bbox 739 3712 836 3757; x_wconf 87' lang='lat' dir='ltr'>nom.</span> <span class='ocrx_word' id='word_1_230' title='bbox 855 3713 917 3762; x_wconf 81' lang='lat' dir='ltr'>on</span> <span class='ocrx_word' id='word_1_231' title='bbox 952 3687 1037 3760; x_wconf 83' lang='lat' dir='ltr'>hine</span> <span class='ocrx_word' id='word_1_232' title='bbox 1054 3691 1150 3760; x_wconf 73' lang='lat' dir='ltr'>ttae·</span> 
     </span>
     <span class='ocr_line' id='line_1_35' title="bbox 52 3785 1148 3888; baseline 0.001 -29"><span class='ocrx_word' id='word_1_233' title='bbox 52 3816 174 3862; x_wconf 76' lang='lat' dir='ltr'>uanus</span> <span class='ocrx_word' id='word_1_234' title='bbox 198 3811 234 3864; x_wconf 85' lang='lat' dir='ltr'>rt</span> <span class='ocrx_word' id='word_1_235' title='bbox 254 3787 439 3867; x_wconf 78' lang='lat' dir='ltr'>Gelenius</span> <span class='ocrx_word' id='word_1_236' title='bbox 459 3787 577 3884; x_wconf 85' lang='lat' dir='ltr'>ipaom</span> <span class='ocrx_word' id='word_1_237' title='bbox 603 3785 872 3888; x_wconf 74' lang='lat' dir='ltr'>praetentandi,</span> <span class='ocrx_word' id='word_1_238' title='bbox 899 3805 948 3868; x_wconf 86' lang='lat' dir='ltr'>et,</span> <span class='ocrx_word' id='word_1_239' title='bbox 976 3789 1148 3883; x_wconf 80' lang='lat' dir='ltr'>quemad·</span> 
     </span>
     <span class='ocr_line' id='line_1_36' title="bbox 53 3885 1149 3992; baseline 0.001 -33"><span class='ocrx_word' id='word_1_240' title='bbox 53 3891 201 3966; x_wconf 86' lang='lat' dir='ltr'>modam</span> <span class='ocrx_word' id='word_1_241' title='bbox 222 3917 339 3992; x_wconf 83' lang='lat' dir='ltr'>supra</span> <span class='ocrx_word' id='word_1_242' title='bbox 365 3887 547 3975; x_wconf 80' lang='lat' dir='ltr'>vidintur,</span> <span class='ocrx_word' id='word_1_243' title='bbox 583 3885 854 3964; x_wconf 68' lang='lat' dir='ltr'>annotationes</span> <span class='ocrx_word' id='word_1_244' title='bbox 879 3885 915 3956; x_wconf 89' lang='lat' dir='ltr'>in</span> <span class='ocrx_word' id='word_1_245' title='bbox 939 3887 1078 3959; x_wconf 75' lang='lat' dir='ltr'>bivium</span> <span class='ocrx_word' id='word_1_246' title='bbox 1105 3913 1149 3960; x_wconf 78' lang='lat' dir='ltr'>er</span> 
     </span>
     <span class='ocr_line' id='line_1_37' title="bbox 54 3987 1148 4084; baseline -0.002 -24"><span class='ocrx_word' id='word_1_247' title='bbox 54 3989 197 4066; x_wconf 82' lang='lat' dir='ltr'>officina</span> <span class='ocrx_word' id='word_1_248' title='bbox 211 3987 464 4068; x_wconf 86' lang='lat' dir='ltr'>Frobeniooa</span> <span class='ocrx_word' id='word_1_249' title='bbox 485 4009 582 4062; x_wconf 83' lang='lat' dir='ltr'>anno</span> <span class='ocrx_word' id='word_1_250' title='bbox 603 3993 663 4063; x_wconf 88' lang='lat' dir='ltr'>olo</span> <span class='ocrx_word' id='word_1_251' title='bbox 679 4002 715 4058; x_wconf 86' lang='lat' dir='ltr'>to</span> <span class='ocrx_word' id='word_1_252' title='bbox 728 4010 826 4056; x_wconf 82' lang='lat' dir='ltr'>xxxv.</span> <span class='ocrx_word' id='word_1_253' title='bbox 850 4003 1047 4082; x_wconf 86' lang='lat' dir='ltr'>antequam</span> <span class='ocrx_word' id='word_1_254' title='bbox 1068 3989 1148 4084; x_wconf 69' lang='lat' dir='ltr'>ipae</span> 
     </span>
     <span class='ocr_line' id='line_1_38' title="bbox 53 4083 1146 4189; baseline -0.003 -24"><span class='ocrx_word' id='word_1_255' title='bbox 53 4117 131 4167; x_wconf 84' lang='lat' dir='ltr'>suaa</span> <span class='ocrx_word' id='word_1_256' title='bbox 147 4091 393 4176; x_wconf 79' lang='lat' dir='ltr'>abaolriffet,</span> <span class='ocrx_word' id='word_1_257' title='bbox 422 4087 462 4158; x_wconf 84' lang='lat' dir='ltr'>in</span> <span class='ocrx_word' id='word_1_258' title='bbox 486 4083 671 4189; x_wconf 81' lang='lat' dir='ltr'>publicoru</span> <span class='ocrx_word' id='word_1_259' title='bbox 692 4085 884 4162; x_wconf 85' lang='lat' dir='ltr'>emittendi</span> <span class='ocrx_word' id='word_1_260' title='bbox 906 4087 1146 4162; x_wconf 80' lang='lat' dir='ltr'>occationem</span> 
     </span>
    </p>
   </div>
   <div class='ocr_carea' id='block_1_4' title="bbox 84 4193 828 4274">
    <p class='ocr_par' dir='ltr' id='par_1_4' title="bbox 84 4193 828 4274">
     <span class='ocr_line' id='line_1_39' title="bbox 84 4193 828 4274; baseline -0.028 1"><span class='ocrx_word' id='word_1_261' title='bbox 84 4212 146 4274; x_wconf 76' lang='lat' dir='ltr'>Lo.</span> <span class='ocrx_word' id='word_1_262' title='bbox 169 4211 258 4274; x_wconf 76' lang='lat' dir='ltr'>Tom-</span> <span class='ocrx_word' id='word_1_263' title='bbox 275 4203 359 4270; x_wconf 73' lang='lat' dir='ltr'>XV·</span> <span class='ocrx_word' id='word_1_264' title='bbox 379 4193 462 4261; x_wconf 69' lang='grc' dir='ltr'>Η·</span> <span class='ocrx_word' id='word_1_265' title='bbox 766 4207 788 4258; x_wconf 77' lang='lat' dir='ltr'>e</span> <span class='ocrx_word' id='word_1_266' title='bbox 822 4232 828 4246; x_wconf 88' lang='lat'><strong>·</strong></span> 
     </span>
    </p>
   </div>
   <div class='ocr_carea' id='block_1_5' title="bbox 0 0 1368 4676">
    <p class='ocr_par' dir='ltr' id='par_1_5' title="bbox 0 0 1368 4676">
     <span class='ocr_line' id='line_1_40' title="bbox 0 0 1368 4676; baseline 0 6"><span class='ocrx_word' id='word_1_267' title='bbox 0 0 1368 4676; x_wconf 95' lang='lat' dir='ltr'> </span> 
     </span>
    </p>
   </div>
  </div>
 </body>
</html>
