2638 4684
183 305 254 354 om
505 271 976 350 rnanrsrro
1081 309 1171 378 „·

185 515 294 572 antea
326 498 500 590 vidimus)
534 499 621 570 inde
653 496 1157 598 petillimumxjncipiendum
1194 521 1291 570 esse

102 639 105 648 =
184 597 308 702 putari
323 650 334 686 ,
359 617 412 682 ,ut
445 597 580 672 certius
616 595 875 694 resciscerem,
897 618 1035 694 ,utrum
1062 597 1189 672 adhuc
1218 623 1290 668 su·

186 713 374 798 peresset,
413 716 451 772 et
485 698 647 797 pristinis
682 695 831 771 sedibus
868 717 1098 772 servaretur:
1137 695 1314 770 deinde¹

185 823 274 870 num
295 799 396 892 ejus,
423 797 486 870 ubi
505 798 672 868 inuentus
689 795 806 884 foret,
832 797 1004 874 versandi
1025 815 1062 870 et
1084 799 1289 869 excutien·
1313 789 1314 796 ἵ

186 892 225 970 'di
257 897 361 974 venia
387 896 747 998 impetrari'posset.
806 901 862 970 De
893 897 1028 998 quibus
1057 895 1089 967 si
1114 921 1157 968 er
1186 915 1287 966 roto

183 995 440 1070 renunciatum
473 997 585 1088 ellat,
622 999 871 1096 proximarum
905 997 1079 1070 feriarum
1114 997 1289 1066 aestiua-

183 1095 273 1170 lium
296 1113 463 1196 tempore
485 1098 715 1195 hloguntiarn
740 1095 975 1188 excurrendi,
1002 1101 1202 1169 stillatum
1232 1092 1289 1164 ad

182 1197 346 1294 vulgatas
370 1196 552 1270 editiones
575 1193 743 1294 exigendi
762 1195 961 1268 molestiam
980 1196 1104 1270 subire
1125 1197 1287 1266 animus

180 1297 271 1371 mihi
301 1315 403 1372 erat:
441 1296 549 1370 alium
580 1299 678 1368 enim
707 1320 790 1368 meo
819 1295 906 1368 loco
937 1297 1160 1372 substituere
1197 1321 1288 1366 non

123 1389 132 1414 “
180 1417 359 1500 poteram.
409 1397 506 1476 Nain
529 1395 793 1486 Carbechinm,
830 1395 894 1492 qni
921 1393 1061 1494 primns
1084 1394 1288 1492 Mogonti-

168 1525 231 1572 ¹no
252 1527 339 1572 usus
361 1518 428 1590 est,
454 1499 622 1576 telletum
641 1494 837 1614 reliquisse
856 1519 970 1596 supra
988 1495 1156 1581 vidimus,
1188 1519 1286 1587 eum

181 1600 344 1698 antiquis
381 1601 476 1674 adeo
509 1600 624 1674 literis
657 1615 837 1699 sorrptum
870 1621 976 1692 esse,
1018 1613 1079 1683 nt,
1116 1594 1192 1666 nisi
1227 1593 1284 1666 ab

182 1701 357 1788 adsueto,
391 1699 465 1798 legi
495 1701 784 1798 haudquaquam
819 1696 960 1797 possita
1007 1693 1159 1794 insuper
1196 1710 1284 1766 tam

180 1817 357 1897 corrupte
383 1817 496 1898 atque
518 1799 732 1874 indistincte
751 1816 943 1882 ,exaratum
968 1823 1072 1884 esse,
1104 1811 1144 1868 ut
1169 1791 1283 1866 diffi-

127 1915 139 1926 “
180 1897 602 2000 cillimumplerumque
635 1900 704 1989 sit,
743 1923 893 1972 sensum
925 1898 1085 1997 aliquem
1117 1893 1282 1968 elicere.

180 2001 367 2090 Noveram
394 2017 606 2100 praeterea,
647 1997 893 2074 Garbnchium
921 1999 1106 2074 interdum
1133 2021 1156 2068 s
1184 2019 1286 2068 vera

179 2099 366 2204 spriptura
388 2099 586 2188 aberralle,
621 2115 658 2190 et
678 2097 794 2198 prisci
813 2096 991 2200 temporis
1012 2099 1259 2172 characteres

180 2187 257 2300 nup
289 2197 422 2288 cuivis,
463 2197 685 2298 praesertim
722 2198 848 2300 seculo
886 2197 953 2271 illo
987 2196 1104 2294 ferme
1144 2145 1283 2270 adhud

181 2295 360 2402 lprbaro,
410 2293 509 2372 lectu
544 2297 707 2390 faciles,
745 2297 869 2372 multis
908 2297 1002 2372 locis
1030 2298 1169 2380 ,minus
1205 2295 1283 2366 ad·

144 2415 146 2422 ’
181 2416 347 2474 secutum
380 2423 484 2486 esse,
533 2399 633 2474 haud
671 2397 799 2499 paullo
840 2399 920 2472 e'us
959 2395 1283 2497 rei..psritiorem
1315 2419 1316 2422 ’

181 2495 375 2574 Gelonium
411 2498 616 2596 judicasse,
658 2516 696 2572 et
733 2427 911 2599 exemplis¹
941 2497 1123 2599 proballe.
1194 2493 1286 2568 Ali-

182 2593 293 2698 quem
321 2599 451 2695 igitur,
487 2597 524 2670 in
553 2597 776 2675 membranis
807 2599 1000 2674 intellectu
1037 2595 1281 2673 difficillimis

181 2694 347 2795 legendis
378 2699 467 2772 satis
497 2717 700 2786 versatum,
739 2699 845 2797 cujus
876 2697 1073 2772 industriae
1102 2721 1146 2770 ac
1166 2695 1284 2798 peri·

181 2797 254 2870 tiae
276 2797 488 2872 collationis
509 2796 751 2875 instituendae
771 2799 962 2897 negotium
984 2816 1065 2870 tuto
1086 2795 1286 2891 committi

183 2917 327 2998 posset,
354 2923 412 2970 me
428 2899 639 2996 lllcguntiae
657 2898 887 2972 inventurum
907 2897 1161 2998 desperabam.
1200 2901 1285 2972 Ve-

182 3024 263 3070 rum
284 2997 391 3070 amici
398 3049 411 3085 ‚
452 3021 611 3096 qnorum
636 2995 810 3073 auxilium
833 2995 1034 3100 inplorari,
1068 3015 1284 3098 postquam

4 3092 5 3178 l
42 3135 53 3150 ν
184 3121 299 3198 opera
320 3097 560 3196 quorumdem
579 3099 852 3190 canonicorum
871 3099 1167 3196 aliorumreejus
1191 3095 1284 3168 col·

185 3196 271 3294 legii
290 3196 660 3286 Ecclesiasticorum,
689 3199 907 3298 quibuscum
922 3198 1018 3298 ‘ipsis
1039 3193 1285 3270 familiaritas

186 3297 460 3386 intercedebat,
489 3297 700 3396 diligentem
720 3300 766 3372 de
788 3299 860 3372 hoc
880 3297 1010 3373 codice
1028 3295 1287 3395 perquisitio-

186 3422 268 3467 nem
302 3396 569 3484 instituissent,
616 3399 655 3470 id
690 3398 841 3472 tandem
880 3397 1051 3496 responsi
1083 3393 1287 3488 tulerunt,

185 3494 325 3568 nullum
350 3495 444 3568 Livii
474 3497 641 3573 codicem
669 3501 806 3570 lllstnm
832 3497 1046 3596 hloguntiae
1077 3495 1115 3566 in
1137 3493 1288 3568 Eccle-

184 3595 260 3666 sise
282 3595 526 3672 Martinianaa
551 3594 778 3670 bibliotheca
803 3597 916 3672 hodie
937 3592 1104 3695 reperiri.
1149 3593 1288 3694 Quum

184 3712 307 3769 autem
331 3697 481 3771 credere
505 3695 610 3768 nefas
634 3694 698 3784 sit,
726 3722 812 3786 eos,
841 3721 994 3796 quorum
1019 3692 1104 3766 fidei
1127 3717 1186 3766 res
1210 3693 1288 3772 illa

185 3791 382 3868 commissa
403 3795 494 3887 luit,
521 3794 771 3892 diligentiam,
799 3823 909 3894 quarn
933 3793 1208 3894 promiserant,
1239 3795 1287 3870 in

184 3892 357 3968 omnibus
379 3895 490 3994 hujus
512 3892 762 3969 bibliothecae
785 3893 914 3968 forulis
941 3911 978 3965 et
1003 3891 1287 3968 occultioribus

183 3991 330 4096 angelis
363 3995 621 4099 perreptendis
655 4015 767 4097 atque
800 3992 1027 4074 excutiendis
1057 4019 1144 4168 nep)
1169 3993 1288 4108 adhi-

540 4117 545 4124 ·
1146 4116 1225 4168 uta·
