2726 4676
334 187 939 313 anssnucuonnn.
1118 245 1204 314 rem

111 441 171 528 cst,
206 438 426 540 adprobata
448 437 583 529 fuerit,
620 441 748 516 Veliae
774 443 812 514 in
832 447 977 520 Novum
994 440 1206 518 Testamen-

106 559 175 613 tum
192 540 480 612 Annutntiones
507 564 553 612 ex
578 542 747 631 manibus
772 543 961 616 hominurn
990 543 1067 642 jam
1094 569 1206 618 excu-

101 641 242 714 tiendae
256 658 380 712 erant
418 642 526 713 Haec
547 639 658 737 igitur
677 643 797 714 cauffo
815 643 958 726 exstitit,
984 668 1066 732 sur,
1089 669 1205 744 quum

101 735 248 814 Paullus
266 743 333 815 lv.
354 737 532 814 Pontifex
551 741 726 816 tredecim
746 743 849 814 annis
867 743 1015 844 postes,
1042 744 1119 818 sire
1138 769 1204 818 an·

104 867 152 914 no
171 848 376 916 etatem..
402 840 571 912 lndiccm
592 841 771 915 librorum
789 843 1065 944 prohibitorum
1087 843 1203 918 conii·

94 939 227 1014 ciendi
257 959 298 1012 ct
328 939 469 1012 edendi
496 943 685 1038 negotium
713 941 1000 1042 inquisitoribus
1026 941 1203 1036 dediffet,

102 1041 150 1114 ab
180 1043 239 1114 bis
271 1039 500 1114 censoribus
533 1039 665 1118 Vallac
694 1043 968 1118 Annutationes
1006 1034 1222 1120 demnatas'

99 1140 254 1214 fuerint.
293 1139 395 1216 Vide
409 1141 592 1238 Mirsaum
611 1141 649 1214 in
668 1143 820 1218 Auctar.
845 1142 1044 1248 dourript
1057 1141 1202 1222 Eccles-

102 1268 189 1344 cap
205 1267 328 1316 cnm.

182 1443 280 1513 Inter
299 1439 450 1528 libros,
477 1465 574 1540 quos
595 1439 707 1516 Valle
724 1445 868 1517 Romae
891 1467 1012 1517 novos
1036 1439 1204 1518 conscri-

102 1539 585 1714 uetustius·
619 1541 1020 1716 district:
1035 1543 1206 1720 :emtis

96 1740 204 1840 poli,
235 1739 424 1839 quosdam
447 1696 680 1814 adversarios
706 1693 877 1842 expertui
899 1669 973 1830 esti}
1008 1741 1072 1840 qui
1093 1767 1202 1916 prae·

97 1841 263 1928 claram
290 1865 407 1940 quam
427 1840 501 1914 sibi
521 1857 770 1928 succureret,
797 1839 934 1914 famam
952 1845 1094 1916 matsro
1114 1841 1143 1916 's
1157 1867 1202 1918 ss

94 1939 223 2014 lividis
251 1941 376 2014 oculis
403 1939 678 2042 adspicientes,
714 1943 869 2039 ejusque
897 1965 1035 2016 nomen
1058 1941 1201 2016 meritis

97 2041 178 2114 suis
194 2040 347 2114 obstare
369 2037 635 2133 existimantes,
658 2041 781 2142 ipsum
804 2043 1046 2114 inmerentem
1069 2041 1201 2142 quotis
1255 2089 1260 2104 ·

98 2157 299 2241 prsetextu
329 2139 485 2240 sdgressi
511 2159 607 2215 sunt.
657 2145 759 2214 lnter
783 2165 849 2216 eos
874 2140 996 2240 primo
1018 2139 1107 2216 loco
1125 2165 1202 2216 rns·

94 2242 311 2314 morandus
335 2260 390 2314 est
409 2241 571 2340 Poggius
589 2239 823 2316 Florentinus
833 2268 847 2336 3
867 2239 972 2340 .qui‚
1009 2267 1085 2340 quo
1109 2257 1202 2314 tern-

93 2366 196 2442 pore
224 2341 342 2416 Valla
373 2345 531 2414 Romam
561 2367 729 2415 resersus
761 2339 828 2429 eu,
865 2341 1026 2438 jamdiu
1054 2341 1093 2414 in
1116 2339 1202 2416 culs

95 2441 299 2542 pontificia
320 2443 500 2514 floruerat
508 2492 521 2531 ,
553 2438 774 2528 inimicitiis,
811 2465 905 2542 quas
928 2439 1201 2542 complurimis

95 2541 259 2614 eruditis
287 2560 509 2642 susceperat
520 2595 533 2632 ,
558 2559 596 2614 ct
617 2539 753 2640 insigni
776 2566 859 2614 curn
880 2539 1084 2616 acerbitate
1100 2567 1203 2614 exer·

98 2659 253 2732 onerat,
291 2642 494 2714 admodum
515 2637 664 2714 nobilis.
718 2639 814 2730 Hic,
850 2665 960 2739 quem
981 2641 1054 2738 jam
1076 2641 1202 2742 jurcni
1289 2647 1292 2655 ⁴

97 2741 234 2816 vallae
253 2767 339 2814 non
360 2741 450 2816 satis
472 2767 631 2842 aequum
649 2737 754 2814 fuiffc
771 2739 948 2830 vidimus,
969 2741 1200 2815 nuncetiam

101 2841 270 2938 ejusdem
304 2841 467 2960 patriam
492 2841 696 2943 repetentis
726 2841 867 2914 nomini
898 2865 943 2914 ac
970 2839 1201 2932 celebritati,

99 2967 213 3040 quam
232 2943 350 3016 vatris
371 2940 549 3042 oporibus
569 2941 730 3043 scriptis,
758 2941 979 3040 praesertim
1001 2941 1111 3016 editis
1130 2939 1200 3014 lin·

96 3069 191 3141 guae
207 3041 374 3116 Latinas
391 3039 609 3140 Elegantiis,
636 3041 708 3114 sibi
727 3047 890 3140 pararat,
915 3039 1099 3130 inridens,
1124 3041 1198 3141 pri·

96 3167 159 3216 mo
177 3142 277 3216 ciem
298 3142 376 3243 ipsi
392 3141 601 3216 detractura
619 3165 664 3216 ac
678 3141 799 3214 surdis
810 3140 1099 3215 artibusnocere
1113 3165 1198 3214 cue·

97 3244 166 3344 pit,
187 3269 277 3316 mox
298 3241 453 3330 occulta
471 3267 598 3316 sorum
617 3240 784 3314 simultas
805 3241 844 3312 in
857 3237 1115 3342 profeffaodis
1128 3241 1199 3316 hac

99 3343 305 3416 occasions
325 3340 461 3444 erupit.
513 3341 672 3440 Poggius
693 3338 900 3442 Epistolas,
933 3364 1027 3438 quas
1051 3339 1100 3415 ad
1120 3363 1199 3414 om·

100 3434 166 3517 nes
190 3441 312 3518 ferrus
337 3445 421 3543 ejus
455 3441 587 3518 aetatis
617 3439 717 3515 siros
748 3440 882 3518 doctos
905 3439 1198 3544 conscripserat,

101 3543 138 3616 in
160 3571 273 3618 unum
299 3569 446 3648 corpus
469 3539 665 3631 collectas,
698 3540 795 3614 etin
818 3540 940 3615 varios
963 3537 1082 3615 libros
1107 3539 1198 3616 divi·
1235 3535 1239 3544 '

103 3671 173 3736 sas,
198 3646 235 3716 in
257 3641 457 3748 publicam
478 3643 599 3717 lucem
620 3641 803 3716 emiserat.
854 3645 991 3716 Earum
1010 3639 1198 3742 exemplar

104 3742 277 3822 inciderat
294 3745 338 3818 in
361 3767 497 3816 manus
517 3743 710 3840 cujusdam
729 3740 977 3818 adolescentis
988 3739 1196 3832 Catelauni,

102 3845 281 3924 Francisci
300 3845 434 3932 Rosii,
462 3842 580 3916 literis
596 3841 878 3917 humanioribus
901 3868 945 3915 er
961 3839 1197 4012 prpcstuntis·

100 3949 264 4024 simorum
291 3950 529 4032 doctorum,
565 3941 674 4016 etiam
693 3941 845 4031 Veliae,
882 3942 1080 4042 discipina'
1100 3941 1197 4046 opti-

98 4033 147 4143 ῥα
164 4051 326 4130 imbutis
356 4047 449 4150 qui,
476 4043 519 4120 in
541 4039 582 4117 iis
602 4041 783 4148 quaedum
802 4069 883 4120 sese
904 4032 1196 4120 cnimadrsrtsrs
