2638 4684
286 261 381 338 AD
430 259 880 340 mucronum.

853 408 1156 428 -u—-t—-m

64 485 317 594 paucioribus
334 485 464 564 sdbuo
480 485 626 576 verbis,
656 513 775 591 quam
795 487 975 592 Polybius
992 486 1034 564 in
1052 489 1164 565 Pne-

62 588 286 693 paratione‚
318 587 493 664 absolvit.
554 585 751 664 Praetores
786 585 1055 676 observabam,
1092 589 1164 664 ali·

63 687 161 790 quid
197 687 240 768 in
268 691 499 789 Fragments
534 687 676 776 omitti,
718 685 825 790 quod
857 704 981 766 tamen
1009 688 1163 764 Livium

63 813 241 862 narsmse
267 789 443 892 Epitome
471 787 559 864 libri
580 813 656 864 xvt.
686 801 858 862 testatur.
908 789 964 864 Ex
988 813 1032 866 ss
1057 789 1163 865 enim

62 902 239 974 constat,
277 889 464 965 Romanos
495 883 707 962 secundum
735 885 889 964 Livium
921 888 1070 994 saepius
1096 885 1163 962 ad·

62 1013 201 1060 sersus
228 986 436 1062 Hieronem
465 983 564 1062 bene
700 1011 798 1072 asse,
838 1003 983 1063 ettam
1009 984 1164 1062 demum

60 1086 218 1189 petenti
268 1113 377 1178 ,uem
395 1082 560 1162 dedisse:
586 1111 614 1158 u
670 1085 916 1164 eserisimile
937 1087 1069 1174 fiebat,
1090 1085 1163 1163 Zo-

61 1211 205 1260 naram
231 1187 240 1202 '
304 1241 315 1272 ,
349 1184 546 1360 quadpaeleib.
568 1210 650 1262 vus.
673 1186 811 1358 Auula}
831 1201 1089 1362 ,αἰπεινοὶ
1111 1211 1163 1360 pp.

60 1301 282 1498 {cirum
302 1299 1164 1560 Fffmentubglmgisobxhablgarteulbl'ibium
1251 1421 1256 1436 ·

60 1501 268 1586 sequntur,
299 1485 439 1572 Hiero,
468 1484 583 1560 semel
604 1485 822 1560 allomanis
844 1485 985 1568 victus,
1105 1500 1163 1560 tos
1229 1499 1235 1520 '

63 1582 115 1660 de
137 1611 240 1700 pace
267 1582 315 1658 ad
334 1611 470 1662 eorsum
489 1584 665 1660 eonsules
679 1583 878 1660 Valerium
896 1601 934 1662 et
953 1585 1060 1660 Otac'
1081 1585 1164 1660 ium
1248 1603 1260 1624 ⁸

62 1685 187 1758 misit:
222 1711 385 1788 eamque
401 1683 624 1800 legationem
641 1710 721 1760 non
742 1683 918 1760 inutilem
935 1684 1070 1768 fuisse,
1096 1679 1164 1758 ssd

64 1784 160 1884 Regi
182 1811 317 1887 paoem
334 1783 525 1866 rombus,
548 1785 579 1858 F
578 1799 774 1885 augmento
790 1782 1010 1871 deficiente,
1032 1780 1165 1860 eodem

66 1899 203 1958 tenore
222 1911 383 1990 pergens
404 1882 581 1986 Polybius
600 1899 736 1960 auctor
756 1901 823 1958 est.
881 1884 942 1961 Ad
966 1882 1060 1960 baso
1082 1909 1167 1960 crs-

64 1981 186 2058 dibile
207 2011 287 2060 esse
309 2009 386 2060 non
408 1999 578 2088 poterat,
613 1983 766 2056 Livium
789 1983 967 2072 tacuisse,
1001 2011 1079 2086 qua
1104 2009 1165 2057 ru-

68 2083 174 2158 tione
203 2085 353 2188 Appius
384 2081 517 2158 consul
548 2097 688 2158 statum
723 2109 854 2158 nerum
880 2085 1076 2160 Messanae
1100 2109 1165 2160 ex·

65 2183 248 2286 ploratis,
281 2183 488 2298 copiasque
513 2183 555 2257 in
574 2180 737 2256 Siciliam
761 2181 989 2265 traduxerit,
1023 2199 1062 2258 et
1087 2209 1166 2257 om·

64 2284 148 2366 nia,
191 2311 294 2385 quae
325 2299 426 2358 inter
458 2279 549 2356 bino
575 2281 784 2370 Romanos,
830 2283 938 2360 illine
967 2281 1165 2383 Karthagi-

64 2382 216 2458 nienses
238 2401 357 2484 atque
378 2381 581 2458 Hieronem
598 2381 738 2483 Regem
764 2397 847 2454 acta
869 2383 962 2456 sint:
998 2407 1163 2484 quonum

63 2481 268 2582 qttsedam·
284 2509 332 2556 ex
350 2481 499 2556 Ionam
524 2480 594 2556 loc.
618 2479 722 2556 laud.
747 2480 860 2556 Diod.
886 2481 999 2559 sicul.
1027 2481 1069 2556 in
1090 2481 1163 2554 Eu·
1228 2491 1252 2531 ·'

63 2581 412 2684 oerpt.lib.u1u.
440 2581 569 2656 burel.
595 2579 696 2656 Viot.
724 2579 768 2656 in
794 2577 877 2656 Vir.
908 2583 1050 2656 lllustr.
1081 2607 1166 2684 esp.
1215 2605 1230 2622 ·

63 2705 205 2758 mvn.
232 2697 271 2756 et
293 2677 450 2756 aliunde
471 2679 595 2781 colligi
644 2696 793 2769 ossum,
823 2697 863 2756 et
885 2681 997 2756 etiam
1015 2679 1164 2758 Freins-

64 2776 214 2856 bemius
243 2781 286 2856 in
302 2779 583 2884 supplementis
606 2705 810 2880 eliligenten
836 2779 999 2882 collegit.
1049 2781 1165 2856 Nou-

47 2877 150 2978 ¹batn
175 2882 360 2984 iusuper,
392 2881 434 2954 in
454 2881 678 2982 Fragments
701 2879 866 2954 inveniri
892 2875 1163 2996 quasdam-vo·
1199 2903 1204 2916 ¹

66 3005 125 3054 nes
146 2999 218 3056 sut
238 2978 474 3067 locutiones,
505 3005 670 3081 quarum
691 2977 804 3063 aliae,
829 2980 987 3056 tannae
1006 2977 1164 3080 quidem
1293 3013 1307 3044 s

67 3096 104 3152 st
126 3079 283 3184 optimis
307 3077 559 3183 scriptoribus
585 3079 763 3166 usitatae,
794 3105 890 3154 num
921 3105 1008 3154 uam
1029 3093 1165 3154 tamon

67 3179 108 3254 in
139 3175 415 3286 superstitibus
439 3177 537 3254 Livii
571 3179 721 3294 scriptis
750 3106 1025 3260 occurrebant,
1067 3178 1165 3254 alias
1302 3242 1307 3258 ,

70 3279 168 3382 apusl
193 3279 353 3354 Livium
377 3293 597 3392 octenosque
621 3275 792 3380 ejusdem
813 3295 883 3353 aut
895 3277 1166 3452 proximonum

71 3379 483 3483 temporum'auotores
509 3378 703 3468 inauditae
722 3391 843 3454 erant.
924 3377 1034 3452 rionis
1051 3401 1165 3476 gene·
1246 3403 1255 3474 ff

71 3477 117 3553 ris
141 3496 236 3554 sunt
267 3485 474 3567 auxiliari,
508 3483 713 3569 domitore,
749 3486 881 3552 sectori
902 3493 1025 3572 portes
1052 3485 1167 3552 olicu-

66 3583 144 3675 jus;
176 3581 342 3656 alterius
367 3595 637 3656 nocumentum.
700 3581 839 3654 Earum
870 3579 1048 3670 primam.
1083 3605 1166 3652 ven·

71 3679 157 3760 bum
188 3689 395 3771 auxiliari,
432 3679 537 3785 apud
568 3679 809 3762 Terentium,
846 3677 1048 3765 Ovidium,
1089 3677 1163 3752 Pli-

69 3783 189 3875 nium,
224 3799 267 3860 et
296 3783 394 3859 alios
420 3805 620 3856 oocursere
640 3779 911 3896 lexicographi
934 3778 1165 3854 docuerunt.

65 3881 185 3973 sddo,
223 3883 365 3960 eadem
392 3880 505 3958 etism
529 3905 616 3958 usos
641 3905 720 3956 esse
740 3879 817 3956 Cis.
836 3879 903 3954 hb.
921 3907 956 3954 v.
982 3875 1033 3954 ad
1061 3881 1165 3954 Fam.
1244 3927 1248 3934 ‹

63 3979 173 4092 Epist.
184 4011 242 4066 ss.
262 3985 418 4064 Caesen.
435 3979 617 4062 lib.1v.B.
635 3977 736 4060 Gall.
752 4005 835 4092 esp.
846 4005 946 4064 xus.
962 3995 1001 4060 et
1018 3977 1086 4056 lib.
1098 4001 1164 4054 vu.
