2726 4676
196 317 300 414 ems
514 331 1043 458 ranusnrroj

198 567 313 654 literis
342 571 476 659 egregie
505 561 698 652 eruditos,
736 569 805 635 sibi
827 565 939 636 dedit.
994 569 1149 645 Verum,
1180 585 1298 660 quem

200 665 359 764 quisque
394 663 511 735 codex
543 681 684 762 partem
718 687 741 734 n
770 663 844 734 eris
871 661 1011 734 hirisni
1044 659 1299 747 continuerit,

198 764 257 835 rcl
276 789 351 860 quo
371 783 537 864 tempore
554 779 724 838 exaratas
743 689 847 834 luill'e
866 762 1052 847 credatur,
1078 759 1162 860 ipso
1181 761 1299 856 Sigo-

198 863 263 936 nio
294 879 459 948 lucerne,
494 863 706 936 adcuratios
737 861 948 936 describere
977 885 1135 958 nequeo.
1195 859 1302 933 Geb-

199 961 337 1036 bardus
354 981 477 1034 tamen
497 987 540 1034 ex
560 961 728 1060 diligenti
745 959 945 1035 collatione
960 959 1173 1048 lectionum,
1198 981 1301 1054 quas

201 1061 377 1158 Sigonius
399 1087 442 1134 ex
461 1060 722 1160 manuscriptis
738 1061 814 1132 suis
830 1059 992 1160 profert,
1025 1083 1194 1156 quasque
1213 1059 1303 1158 ipse

199 1161 238 1232 in
262 1161 458 1233 codicibus
478 1188 499 1234 a
519 1187 559 1235 se
578 1160 759 1233 consultis
782 1159 941 1247 invenit,
980 1157 1106 1260 pallias
1128 1155 1300 1254 judicat,

200 1259 353 1333 codices
382 1263 481 1360 ejus,
519 1277 619 1332 certe
645 1260 781 1358 quibus
808 1259 855 1334 sd
882 1260 1009 1332 decem
1034 1257 1180 1358 priores
1199 1255 1302 1328 Livii

198 1359 318 1433 libros
347 1376 384 1430 et
409 1361 457 1432 ad
476 1359 618 1434 Bellum
639 1360 816 1432 Punicum
842 1361 1000 1458 primum
1025 1382 1114 1428 usos
1138 1356 1208 1442 est,
1238 1381 1302 1426 rc·

200 1459 425 1535 centillimos
449 1479 485 1531 et
508 1459 564 1531 vix
583 1477 670 1531 onte
689 1477 836 1533 centum
857 1483 972 1528 aranos
992 1455 1152 1553 scriptas
1170 1453 1302 1526 fuillee

198 1585 324 1656 neque
348 1559 455 1642 aliter
480 1559 619 1658 ubique
649 1560 697 1631 de
724 1559 771 1632 iis
793 1559 937 1631 censuit
956 1554 1188 1643 Gronovius3
1229 1553 1304 1662 qui

198 1658 355 1753 insuper
377 1659 425 1730 sd
443 1659 534 1731 Livii
559 1659 620 1739 lib.
640 1683 748 1730 xxm.
773 1681 856 1746 cup.
873 1679 989 1722 xxxin.
1013 1652 1043 1742 §
1072 1681 1100 1722 ι.
1130 1649 1176 1721 de
1200 1647 1303 1736 illes,

199 1771 298 1844 quos
319 1759 366 1818 ud
388 1757 541 1818 decada·
554 1762 723 1844 quartem
741 1747 952 1842 consuluit,
991 1751 1087 1821 hanc
1106 1747 1191 1821 tulit
1211 1771 1304 1818 sen-

199 1847 374 1934 tentiam,
413 1871 479 1918 eos
503 1869 581 1916 non
604 1845 796 1943 adspirare
819 1848 867 1920 sd
889 1833 1304 1923 honitatem'codicum

201 1945 358 2024 Gelenii.
411 1947 477 2016 llis
501 1943 844 2032 nonobstantibus,
880 1969 1014 2062 guum,
1051 1944 1305 2044 copiisundi·

198 2069 274 2142 que
294 2045 498 2118 contractis
520 2043 810 2135 nisum-Livium
834 2043 1019 2131 edrdill'et‚
1043 2044 1194 2120 summis
1217 2043 1306 2116 lau·

198 2143 309 2218 dibus
336 2169 358 2216 s
381 2142 465 2216 viris
491 2143 571 2242 ejus
594 2159 632 2214 et
647 2142 886 2240 ¹sequentinm
907 2161 1115 2242 temporum
1131 2143 1305 2216 cruditis

197 2243 408 2316 celebratus
427 2241 488 2313 est.
541 2245 706 2314 Muretus
730 2242 794 2314 lib.
809 2269 865 2317 xv.
889 2247 976 2319 Ver.
999 2247 1099 2316 nect.
1126 2267 1208 2341 cap.
1225 2269 1304 2316 nr.
1334 2299 1335 2312 ,

196 2342 397 2441 judicarit,
426 2355 676 2414 remeantum
701 2352 737 2415 in'
757 2349 849 2414 Livii
869 2348 1075 2415 Annalibus
1094 2350 1305 2430 praestitis·

69 2483 82 2494 -
197 2457 259 2527 se,
288 2457 467 2532 qnantum
491 2449 552 2513 vix
574 2467 722 2534 sperare
734 2449 801 2530 sus
820 2457 909 2515 eret.
948 2442 1145 2514 Turnebus
1159 2441 1223 2514 lib.
1237 2469 1301 2516 xc.

196 2543 351 2614 Adsere.
378 2569 460 2641 cep.
480 2569 584 2616 urin.
612 2571 696 2616 eum
717 2549 901 2616 erroribus
921 2548 1013 2615 Livii
1034 2545 1304 2614 exhauriendis

196 2645 332 2717 bonum
348 2646 571 2734 fidelemque
590 2669 744 2716 navasse
763 2667 930 2732 opernm,
956 2669 1062 2735 quem
1081 2657 1116 2713 et
1135 2651 1304 2734 untiqui-

196 2748 289 2814 intis
315 2749 601 2832 peritissimum,
636 2755 671 2816 ei
698 2745 877 2818 bonorem
910 2751 1128 2833 scriptarum
1158 2751 1302 2815 intelli·

198 2813 453 2936 glntissimum
476 2858 511 2916 et
533 2839 825 2918 eruditissimum
846 2851 1036 2916 nominare
1060 2849 1304 2916 meritissimo

196 2955 340 3034 potest3
379 2957 440 3034 at,
473 2953 506 3015 si
533 2948 620 3034 quid
648 2951 831 3036 reliquum
860 2955 908 3017 eie
932 2953 970 3018 in
997 2951 1122 3032 Livio,
1154 2955 1303 3034 perexi-

198 3065 314 3136 guum
339 3049 451 3117 videri
472 3045 623 3134 deleat,
658 3052 693 3119 in
717 3069 788 3135 quo
813 3051 880 3118 leci
899 3069 1084 3137 porcaque
1104 3067 1210 3134 opero
1230 3053 1304 3118 clii

199 3147 459 3239 defungantur.
489 3145 666 3220 Schottus
689 3145 752 3218 lib.
774 3173 829 3220 ιιι.
854 3145 1008 3222 Obsers.
1026 3149 1184 3218 Humsn.
1207 3171 1303 3247 csp.

196 3269 341 3319 xxxvru.
365 3263 557 3338 summum
580 3251 659 3333 ejus
679 3251 962 3320 adcurationem
981 3254 1017 3318 in
1039 3251 1163 3332 Livio,
1197 3257 1235 3315 et
1258 3255 1303 3320 in

199 3351 300 3415 omni
326 3349 420 3419 odeo
449 3355 618 3419 Romano
646 3351 828 3434 historin,
871 3353 1035 3418 emnium
1067 3349 1303 3419 industriam

198 3451 336 3518 vicisse.
388 3445 579 3522 Cluverius
609 3447 760 3520 tandem
790 3448 855 3521 lib.
882 3473 910 3520 1.
941 3447 1021 3519 nal.
1046 3441 1176 3543 Antiq.
1207 3471 1302 3548 esp.

82 3639 86 3648 ,
196 3567 278 3616 xxn.
310 3570 393 3644 pag.
415 3549 499 3619 aad.
530 3553 694 3618 omnium
728 3553 825 3618 Livii
850 3551 1191 3618 Commentatorum
1225 3553 1305 3618 nd.

197 3651 475 3718 curatissimum
509 3671 595 3720 esse.
656 3651 901 3744 Nequaquam
930 3664 1054 3718 tamen
1086 3646 1303 3720 existiman·

172 3743 284 3830 ,dum
304 3745 371 3820 eli.
403 3769 485 3818 eum
507 3745 602 3820 adeo
621 3745 768 3819 felicem
788 3746 911 3830 soille,
947 3764 987 3818 ut
1009 3742 1180 3818 omnibus
1206 3773 1303 3846 per-

194 3867 313 3940 teque
331 3844 481 3944 placere
499 3846 675 3945 potuerit.
735 3845 915 3919 Nonnulli
935 3847 1032 3917 enirn
1055 3841 1275 3938 exstiterunt
1286 3901 1299 3936 ,

194 3943 258 4040 qui
285 3942 422 4016 invidis
447 3945 549 4017 docti
575 3943 769 4034 laudibus,
797 3969 891 4044 ques
918 3947 1191 4030 menrasense,
1222 3947 1300 4018 ob·

191 4057 417 4128 nescierunt,
468 4071 627 4140 eumque
666 4044 721 4117 rei
758 4069 960 4144 perperam·
987 4043 1106 4140 gellen
1139 4045 1300 4142 publice

191 4157 423 4222 accusarant.
461 4149 601 4219 Eorum
619 4145 761 4248 primus
779 4143 851 4222 fuit
867 4143 1051 4222 lleuricus
1066 4141 1297 4256 Glareanus,
