2726 4676
325 281 936 358 spumosum.
1112 309 1192 358 ern

85 511 194 612 ipsum
211 515 269 606 etl
281 499 407 590 linem
427 516 489 588 vel
505 517 717 614 cujuslibet,
745 521 803 594 vel
818 505 1192 618 quorumdemlibro·

84 637 157 686 ram
180 615 299 714 hujus
333 615 488 689 oodiaie
520 618 728 720 adscriptas
756 619 930 692 invenille
954 617 1090 692 slmiles
1114 613 1193 686 for·

84 711 224 798 mules,
269 717 416 814 quales
441 718 660 818 praesertim
688 718 737 790 ed
765 720 874 792 finem
898 716 1056 820 plurium
1082 715 1194 812 hujus

85 816 199 914 persis
229 816 425 888 Livianae
455 816 634 889 librorum
664 815 753 890 mibi
780 817 819 891 ia
845 817 1020 893 Leidensi
1052 815 1192 916 primo,

88 913 247 1014 aliisque
266 917 362 988 virle
382 916 509 989 doctis
527 916 566 986 ia
582 917 772 992 nonnullis
792 944 943 994 auorum
961 913 1088 989 obvies
1101 913 1193 985 luis·

88 1039 151 1102 ee,
175 1016 216 1086 ia
232 1015 420 1090 lodicula
442 1019 661 1090 MSStorum
684 1041 849 1090 meorum
876 1017 973 1090 infre
994 1017 1068 1088 boa
1086 1029 1191 1086 tomo

85 1115 227 1188 monui.
283 1115 469 1190 Godieem
501 1115 605 1188 illum
641 1117 907 1218 utplurimum
931 1116 1071 1190 bonam
1103 1113 1192 1201 elle,

85 1213 233 1312 jndices
254 1217 289 1291 J.
319 1221 379 1287 Fr.
405 1215 618 1292 Gronovius
649 1217 688 1287 in
715 1217 877 1317 Epistola
904 1218 952 1292 ed
973 1217 1053 1288 Nie
1081 1213 1194 1288 Heia·

88 1314 209 1396 mum.
281 1341 374 1389 aem
410 1315 530 1389 edidit
561 1313 745 1389 celeberr.
779 1322 1010 1392 Burmannus
1044 1313 1083 1384 in
1109 1311 1194 1410 Syl·

88 1404 167 1502 lag.
185 1407 256 1506 epi
326 1425 486 1482 tamur.
507 1433 592 1512 pag.
613 1425 694 1512 ¹¹4·
732 1420 884 1490 Praeter
902 1414 1003 1485 huna
1024 1411 1196 1484 codicem

88 1504 1195 1686 labellalle:ltlzlltslltzi'lill:

86 1702 237 1774 fusione
264 1702 444 1793 testetur,
482 1706 699 1779 Rhenanam
732 1708 802 1782 sibi
829 1709 1056 1808 comperelle
1082 1707 1196 1807 gemi-

84 1827 180 1872 num
200 1802 410 1902 exemplar,
437 1829 562 1878 reram
584 1805 693 1878 etiem
716 1807 798 1908 ipse
813 1811 1017 1882 Rhenanus
1035 1813 1195 1880 alterum

85 1904 280 1992 codicem,
309 1902 351 1974 id
371 1901 423 1974 est
441 1929 464 1975 a
483 1905 600 2005 priori
620 1906 828 1996 diversum,
855 1926 1035 1982 memorat
1052 1905 1100 1980 ed
1116 1907 1189 1980 Liv.

79 2000 156 2073 lib.
175 2025 238 2075 τι.
262 2027 349 2103 eap.
378 2024 408 2074 ι.
435 2003 465 2096 5.
494 2033 549 2076 ιι.
578 2020 616 2076 et
646 2012 833 2078 volumina
860 2014 1001 2078 MSSta
1031 2007 1079 2080 ed
1099 2007 1193 2078 hirii

79 2100 153 2178 lib.
175 2125 237 2174 v1.
261 2127 351 2204 esp.
370 2127 427 2175 xx.
452 2103 484 2196 5.
505 2129 559 2176 sa.
612 2104 704 2205 Quis
727 2123 850 2180 tamea
872 2107 1039 2206 qualisve
1059 2105 1119 2178 hia
1141 2107 1193 2178 el·

79 2218 148 2274 ter
168 2201 297 2275 aodex
316 2201 432 2274 faerit
443 2253 465 2291 ‚.
481 2225 603 2302 aeque
622 2203 822 2280 llbeaauue
833 2258 844 2295 ,
870 2231 992 2305 neque
1015 2205 1192 2281 Gelenius

78 2325 252 2398 aequem
273 2319 551 2377 memores-ante
575 2303 731 2378 secandi
755 2306 866 2379 etiem
890 2306 1032 2382 eodieie
1055 2304 1132 2376 allo
1154 2331 1194 2376 a·
1299 2365 1305 2380 .

79 2401 164 2489 lia,
203 2425 323 2498 qaam
345 2401 496 2475 duobus
519 2401 579 2475 bis
598 2402 715 2493 loeis,
752 2406 972 2480 Rhenanam
996 2404 1194 2480 meminill'e

81 2499 260 2572 nondum
288 2499 497 2575 observavi.
558 2501 617 2575 Aa
644 2501 799 2577 alteram
827 2505 934 2605 pensi
965 2507 1023 2580 eui
1051 2521 1195 2604 partem

83 2589 245 2673 sebatur
263 2601 486 2691 Rhenanus,
512 2611 551 2671 se'
567 2615 719 2675 nactum
739 2625 815 2676 esse
836 2631 854 2674 e
872 2611 976 2694 &pira
999 2611 1194 2676 Liuianum

86 2707 306 2790 exemplar,
342 2703 441 2790 quod
461 2725 507 2772 ee
528 2705 749 2798 fragmentis
778 2712 1108 2777 vetustissimorum
1137 2729 1193 2774 cn·

92 2804 221 2871 dicum
247 2806 450 2872 saltuatim
478 2805 701 2892 descriptum
731 2809 945 2894 uidebatur,
980 2813 1195 2896 praesertim

90 2909 125 2971 in
146 2907 243 2973 libro
264 2912 373 2972 sexto
392 2909 519 2973 tertiae
539 2905 696 2977 decadis.
752 2915 847 2978 Nam
870 2911 1012 2977 initium
1043 2912 1194 2978 volumi-

91 3009 150 3072 nis
164 3007 305 3086 fecisse
327 3004 521 3074 librarium
546 3025 567 3076 a
590 3011 795 3095 particula,
824 3031 936 3096 qaam
958 3010 1017 3076 vin·
1043 3009 1191 3078 tandem

92 3109 128 3174 in
152 3105 279 3174 medio
306 3105 398 3174 libro
425 3107 572 3192 reperit,
605 3109 769 3198 abruptis
792 3111 929 3177 uerbis:
967 3129 1051 3176 rum
1074 3133 1117 3178 ea
1138 3133 1193 3176 co·

93 3205 282 3292 haesisse,
319 3207 463 3294 aliquot
491 3210 631 3296 paginis
659 3211 883 3277 intermediis
907 3212 1076 3294 omissis,
1115 3213 1195 3278 libri

90 3303 229 3387 finem.-
272 3303 405 3375 danae
434 3329 519 3376 oum
546 3312 743 3394 septimum
770 3313 909 3379 librum
931 3309 1092 3392 conferre
1118 3333 1194 3377 coe-

95 3413 221 3494 pisset,
248 3425 288 3474 se
307 3410 447 3478 iterum
464 3412 685 3495 particulam
706 3414 898 3497 invenisse,
926 3429 1019 3498 quoe
1040 3410 1091 3478 ad
1113 3431 1194 3478 ser-

98 3515 177 3576 tum
197 3509 333 3578 librum
351 3509 565 3596 pertinebat.
615 3507 840 3596 videantur,
869 3527 966 3606 quoe
982 3505 1126 3580 notavit
1144 3509 1191 3580 ed

100 3605 185 3678 litii
203 3604 266 3677 lib.
279 3629 389 3680 nrt.
410 3630 493 3709 asp.
509 3631 585 3681 xxx.
602 3607 632 3699 5.
646 3631 681 3706 9.
707 3613 760 3682 Ex
776 3607 907 3680 eodem
924 3605 1056 3679 eadiee
1075 3631 1191 3706 quee-

102 3705 178 3777 dem
205 3704 318 3778 etiem
348 3705 425 3780 alie
454 3704 730 3780 interciderant.
791 3711 884 3779 Nam
918 3703 967 3778 ed
993 3705 1055 3779 lib.
1079 3731 1188 3780 xxm.

103 3831 175 3906 asp.
200 3831 257 3878 nr.
288 3806 322 3898 5.
353 3807 414 3899 ι4.
440 3803 575 3893 refert,
609 3829 647 3875 se
670 3831 784 3880 unam
811 3811 983 3898 paginam
1006 3813 1192 3877 transilire

102 3919 256 3980 eoactum
278 3910 411 3992 fuisse
441 3907 718 3996 ob1defeetum‚
753 3913 813 3996 qui
842 3919 922 3977 erat
947 3913 981 3978 in
1010 3913 1193 3998 exempla·
1310 3995 1316 4005 .

97 4015 126 4080 ri
151 4013 434 4102 manuscripto,
480 4007 576 4094 quod
614 4033 658 4078 ex
686 4011 901 4080 bibliotheca
933 4011 1090 4096 Spirensi
1123 4033 1190 4078 na·
1245 4025 1249 4032 ·
1354 4017 1355 4028 ’

94 4125 162 4186 etus
180 4115 334 4212 suerat.
405 4109 604 4182 Praeterea
628 4131 742 4208 quan
764 4132 808 4184 ex
829 4105 926 4184 loeis
944 4107 1102 4184 laudetis
1118 4131 1188 4210 pe·
