2638 4684
316 223 410 320 ab
458 241 898 321 sucronem.
1105 269 1150 320 o

63 472 364 572 cimumscripti,
407 487 476 548 aut
505 471 695 548 commoda
724 501 769 548 ex
795 473 952 550 arbitrio
974 470 1154 550 versandi

59 571 258 646 occasione
284 571 478 655 destituti,
512 599 591 646 non
620 599 680 660 ea,
716 599 790 674 qua
819 574 1034 676 oportebat,
1067 573 1153 646 olili-

56 670 177 762 ¹oeutio
203 671 390 745 conferre
410 689 630 774 potuerant,
664 687 702 752 et
731 687 879 744 tontum
904 675 994 747 locis
1016 671 1155 746 dillici-

55 769 216 844 lioribus
234 769 403 870 carptim
419 770 705 854 consuluerant,
733 787 777 844 ut
794 787 834 846 et
848 787 1032 858 vetustas,
1057 795 1154 872 quos

54 864 241 967 indagare
260 883 449 974 poteram,
475 867 658 943 editiones
676 865 849 970 undique
868 895 940 944 con
971 871 1132 944 uirerem
1145 901 1170 952 ε,

52 969 92 1040 od
122 993 311 1068 quorum
334 965 554 1042 fidissimum
583 963 743 1042 doctum
763 969 859 1042 bivii
887 995 955 1044 ver
1031 969 1154 1068 exige·

50 1095 150 1152 rem,
197 1083 266 1152 et,
306 1067 354 1163 si,
372 1093 446 1168 qua
479 1083 657 1168 corrupta
688 1093 882 1170 superesse
917 1069 1130 1158 invenirem
1142 1107 1161 1154 ,·.

50 1195 144 1240 oum
166 1169 325 1242 rectius
351 1193 372 1238 s
394 1191 451 1242 me
470 1165 650 1241 constitui
671 1183 839 1269 possent,
863 1169 1078 1272 perieulum
1099 1167 1155 1242 la·

50 1293 189 1340 oerem.
256 1265 378 1340 Primi
403 1266 508 1342 istius
530 1263 668 1340 laboris
691 1283 868 1340 eventum
898 1267 1073 1372 pluribus
1100 1263 1154 1364 ja-

51 1383 175 1453 ctare,
199 1381 242 1440 et
265 1368 422 1466 longam
442 1364 515 1441 hoc
535 1363 619 1440 loco
641 1365 776 1440 seriem
795 1361 989 1450 codicum,
1015 1369 1153 1472 partim

53 1493 151 1566 qnos
173 1465 306 1540 oculis
331 1461 516 1566 subjectos
537 1465 615 1568 ipse
636 1491 721 1538 cum
742 1464 902 1566 vulgetis
922 1465 1153 1546 editionibus

54 1566 221 1650 contuli,
264 1565 409 1668 partim
438 1589 603 1666 quorum
638 1581 812 1666 excerpta
843 1564 1071 1656 adsuerunt,
1113 1581 1153 1642 et

53 1681 232 1738 veterum
257 1661 489 1752 editionum,
515 1690 609 1766 quas
628 1663 688 1737 vel
710 1662 789 1766 ipse
810 1662 903 1738 mihi
923 1665 1151 1768 comparavi,

51 1765 109 1838 rel
132 1763 308 1838 aliunde
331 1762 487 1838 utendas
511 1764 657 1868 occepi,
689 1779 889 1838 contexere
906 1763 1005 1838 nihil
1025 1790 1152 1840 neces·

50 1889 88 1938 se
109 1880 180 1938 est.
238 1865 297 1936 Ut
324 1861 427 1938 enim
448 1859 528 1964 ejus
553 1863 746 1938 molestiae
768 1861 1047 1943 exhauriendne
1069 1891 1151 1979 gra-

50 1963 99 2037 tia
127 1963 200 2037 bic
222 1961 389 2038 concedi
410 1979 549 2066 posset,
574 1961 670 2038 dnos
687 1963 880 2064 catalogos
900 1962 992 2038 huic
1013 1964 1150 2038 ultimo

50 2063 251 2138 volumini
279 2061 455 2178 proxime
483 2079 570 2152 ante
600 2061 747 2136 Indices
775 2063 942 2141 inserui:
982 2089 1149 2180 quorum

51 2165 172 2238 altem
195 2161 355 2238 codices
379 2187 493 2239 manu
515 2179 700 2250 exaratos,
730 2187 825 2264 quos
848 2159 1028 2246 adhibui,
1059 2163 1151 2236 alte-

50 2289 90 2336 ro
120 2261 362 2366 praecipuas
388 2261 487 2356 Livii
516 2261 717 2348 editiones,
762 2289 840 2337 non
872 2277 1023 2336 tantum
1055 2289 1150 2364 quas
1189 2247 1198 2273 '

50 2363 260 2448 consului,
306 2387 439 2437 verum
473 2361 584 2438 etiam
615 2387 715 2462 qome
749 2361 843 2434 mibi
875 2361 1151 2450 innotuerunt,

49 2479 253 2562 quantum
275 2461 454 2536 sufficere
473 2461 656 2546 arbitror,
681 2457 882 2566 descripsi3
907 2485 1151 2576 quorumque

47 2562 272 2636 amicorum
293 2559 478 2636 beneficio
498 2587 543 2636 ac
560 2559 689 2636 levore
707 2561 762 2634 siro
792 2559 853 2632 ulo
873 2557 966 2634 baec
986 2558 1152 2636 subsidia

47 2659 246 2736 benevole
275 2660 415 2736 collata
445 2661 538 2746 sint,
579 2647 692 2734 latius
722 2585 907 2744 indicavi,
945 2673 990 2732 ut
1017 2685 1152 2762 perpe·

47 2775 170 2834 tuum
202 2763 372 2861 gratiae,
411 2787 525 2863 quam
563 2759 652 2864 ipsis
686 2755 826 2846 debeo,
861 2773 1151 2832 monumentum

45 2875 259 2934 struerem.
312 2860 390 2944 Hir,
404 2859 569 2936 breviter
589 2872 741 2932 tantum
759 2855 978 2932 addendum
999 2869 1073 2943 est,
1105 2858 1151 2931 li-

43 2975 109 3031 cet
133 2959 253 3036 ambo
274 2956 442 3034 Indictdi
463 2959 590 3036 testari
612 2971 774 3062 queant,
801 2985 859 3032 me
879 2982 957 3032 non
974 2956 1088 3060 plano
1109 2957 1149 3032 in

42 3055 122 3132 bac
155 3087 198 3134 re
222 3059 322 3134 votis
345 3057 541 3144 excidisse,
578 3059 619 3142 in
646 3058 778 3162 paucis
804 3073 932 3132 tamen
954 3053 1149 3130 fortunam

42 3159 227 3233 consiliis
253 3160 349 3236 meis
375 3185 455 3234 non
482 3155 709 3260 adspirasse,
746 3171 784 3233 et
809 3155 1016 3243 nonnulla,
1050 3181 1149 3256 quae

40 3255 241 3332 adbibere
268 3276 461 3364 optarem,
496 3255 753 3358 consequendi
779 3271 965 3359 speratam
989 3255 1148 3330 occasio-

40 3383 147 3430 nem
170 3356 354 3443 defixisse,
394 3384 445 3434 ne
477 3355 563 3459 quis
593 3356 690 3431 forte
720 3357 784 3431 illa
812 3381 1007 3472 perperam
1034 3380 1068 3435 ι,
1085 3379 1146 3430 me

40 3475 182 3556 spreta
211 3477 334 3562 atque
363 3458 520 3576 insuper
547 3455 676 3530 habita
698 3457 815 3532 luisse
836 3453 1033 3530 existimet.
1083 3455 1146 3526 ln-

41 3557 189 3656 pm'mis
214 3575 346 3637 autem
374 3557 474 3633 nihot
500 3555 593 3630 mihi
623 3557 783 3656 gratius,
820 3554 917 3630 nibil
939 3551 1146 3654 jucundius

43 3654 270 3744 accidisset,
305 3657 475 3761 quamsi
497 3672 569 3730 tres
587 3654 733 3732 codices
746 3657 882 3743 Motos,
909 3653 976 3756 qui
996 3652 1148 3727 Livium

46 3755 302 3833 emendaturo
322 3755 436 3861 quasi
454 3757 596 3830 oraculi
618 3755 736 3830 instar
754 3782 830 3831 esse
849 3769 1043 3857 poterant,
1067 3752 1147 3853 ipse

46 3857 292 3948 consulendi,
328 3857 391 3932 rel
420 3871 523 3930 certe
543 3852 627 3928 fidis
652 3883 782 3930 eorum
804 3849 1148 3966 excerptionutendi

45 3970 265 4056 potestatem
288 3956 529 4040 habuissem.
583 3955 727 4034 Eorum
754 3955 918 4060 primus,
951 3951 1045 4030 obm
1068 3947 1144 4028 sub
