2638 4684
330 240 428 314 An
477 222 924 318 ancnounu.
1116 271 1182 320 cm

97 479 196 558 parnt
247 461 356 540 Vide
378 463 518 566 Syllog.
548 467 679 546 burm.
704 485 795 542 tom>
814 493 847 546 1.
874 467 993 576 Epist.
1008 495 1093 548 ur.
1119 475 1180 552 bi·

96 595 154 641 nas
172 565 285 642 etiam
307 591 354 638 ea
381 565 432 636 de
456 591 498 636 re
522 565 648 639 literas
676 565 725 640 ad
745 565 946 666 Cujacium
966 567 1093 656 dedit,
1131 591 1177 644 ut

94 668 158 768 ipsi
174 665 313 763 gratias
333 677 486 764 ageret,
513 687 652 762 easque
671 663 852 738 fasciculo
873 665 922 740 ad
937 665 1179 768 Egmondum

90 764 193 836 misso
213 761 446 834 inseruerat.
495 759 662 849 Verum,
698 761 896 862 [gmondo
927 763 1078 840 interim
1105 768 1179 844 llo-

93 889 178 934 mam
207 857 407 963 prolecto,
441 854 617 1032 epistolas
642 859 691 936 ad
714 857 911 960 Cujacium
939 889 1018 936 non
1044 891 1181 976 perva-

91 961 203 1048 nioe,
248 983 424 1060 eumque
483 984 505 1032 e
534 955 652 1036 Liviis'
681 959 801 1046 missis
832 957 935 1036 'nihil
968 955 1178 1048 audivisse,

86 1075 209 1232 postea
230 1084 282 1134 ex
298 1057 504 1158 bongarsio
529 1057 725 1133 intellexit.
785 1061 888 1135 Hinc
907 1057 1086 1136 Kalendis
1107 1063 1179 1138 Ju-

102 1157 142 1232 iis
165 1157 260 1232 anni
291 1159 561 1230 clolonxxruv.
590 1159 711 1234 tertiis
743 1155 861 1234 literis
892 1182 932 1233 se
963 1161 1179 1250 excusavit,

84 1285 129 1332 ac
148 1257 277 1362 petiit,
314 1281 366 1332 ne
396 1253 459 1332 vel
485 1255 655 1332 animum
684 1259 895 1358 ingratum,
933 1257 996 1334 vel
1019 1285 1179 1336 manum

86 1357 129 1430 in
161 1357 284 1432 allicio
321 1353 567 1458 exsequendo
601 1381 752 1460 segnem
787 1355 904 1441 luisse
938 1356 1180 1438 existimaret.

86 1456 186 1531 Vide
205 1454 296 1532 ibid.
318 1455 443 1560 Epist.
458 1479 551 1530 ccxi.
597 1455 655 1528 Ex
674 1455 740 1532 illo
765 1471 933 1572 tempore
952 1456 1101 1560 Lipsius
1116 1459 1180 1534 Li·

92 1559 189 1630 rium
213 1559 463 1660 promittere,
497 1551 751 1660 eumdemque
771 1557 883 1632 amici
905 1557 954 1632 ab
980 1583 1024 1632 eo
1047 1575 1180 1664 postu·

89 1655 162 1732 tare
181 1683 263 1730 non
282 1655 495 1732 desierunt.
542 1657 657 1730 Anno
678 1657 960 1736 elabimur.
976 1655 1075 1730 lano
1089 1659 1180 1734 Ler-

83 1756 193 1831 nutio
220 1753 460 1840 nunciabat,
490 1779 531 1828 se
546 1753 696 1830 Livium
718 1753 920 1842 daturum,
955 1755 998 1830 in
1018 1783 1097 1860 quo
1119 1755 1180 1833 ni-

78 1855 152 1928 mia
174 1853 251 1930 sibi
273 1855 390 1932 bona.
439 1851 541 1930 Vide
561 1855 720 1932 Centur.
738 1881 777 1931 tt.
798 1855 959 1932 Miscell.
982 1855 1053 1960 Ep.
1072 1883 1180 1932 xvtu.

75 1959 194 2032 Auno
225 1982 268 2034 se
328 1951 409 2032 enti
439 1951 658 2030 Matthaeus
685 1955 865 2032 lllocltius
892 1983 979 2032 eum
1002 1953 1180 2032 hortaba-

76 2071 161 2143 tur,
209 2071 258 2130 ut
323 2055 449 2130 isium
487 2055 771 2169 quamprimum
805 2055 1002 2173 vulgaret,
1038 2083 1082 2130 ac
1110 2055 1178 2130 mi-

73 2157 267 2240 nubatur,
302 2153 408 2240 sore,
445 2150 519 2228 nist
544 2172 739 2258 pergeret,
777 2173 824 2234 ut
844 2155 942 2232 alius
968 2161 1027 2248 (se
1053 2155 1178 2260 ipsum

75 2253 343 2358 intelligebat)
378 2257 651 2344 decretnmipsi
673 2263 898 2348 provinciam
922 2261 1083 2348 Sulpicio
1104 2261 1178 2328 sol·

75 2361 218 2428 licr'tare
248 2364 327 2454 lege
355 2359 524 2430 auderet.
574 2353 676 2430 Vide
704 2357 841 2460 stlog.
877 2357 1005 2432 burm.
1035 2367 1123 2432 tom.
1146 2379 1178 2432 t.

73 2455 198 2558 Epist
222 2481 387 2530 norun.
431 2451 578 2530 'Eodem
605 2481 707 2530 anno
724 2385 912 2534 insanus
941 2453 989 2532 ad
1007 2455 1178 2558 Lipsium

70 2555 247 2630 scribens
272 2551 472 2642 monebat,
508 2579 592 2628 eum
623 2561 660 2630 T.
680 2562 771 2628 Liuii
797 2559 991 2630 editionem
1017 2563 1177 2648 amplios

73 2660 223 2744 differre
245 2683 321 2731 non
343 2679 472 2747 posse.-
497 2669 589 2728 certe
609 2661 782 2746 Velleium
800 2663 1060 2746 Paterculum‚
1090 2663 1177 2731 Sue·

72 2767 242 2850 lonium,
271 2759 560 2848 Lampridium,
587 2759 850 2848 Spumantem,
878 2763 1118 2848 Capitolinum
1141 2767 1177 2830 et
1241 2750 1244 2761 '

74 2868 237 2953 reliquos
262 2861 430 2952 quotidie
445 2863 621 2954 flagitare
643 2863 840 2932 studiosos.
893 2855 993 2934 Vide
1016 2855 1107 2932 ibid.
1127 2859 1175 2938 Ε-

101 2962 162 3035 ist.
189 2981 386 3034 cocumu.
437 2957 508 3032 Cui
541 2957 739 3058 respondit
768 2955 917 3062 Lipsius
950 2959 1106 3032 Centur.
1135 2983 1176 3032 ιι.

72 2987 234 3136 ltiscell.
259 3056 385 3158 Epist
411 3080 479 3129 uxr.
516 3082 555 3130 se
581 3063 783 3152 Vellejum,
813 3065 989 3164 Florum,
1027 3065 1175 3132 Livium

75 3167 201 3234 ordine
227 3163 406 3252 cogitare.
458 3155 563 3232 Nihil
593 3173 721 3235 tamen
750 3154 890 3236 horum
914 3173 1042 3262 postea
1067 3185 1175 3260 prae-

73 3261 189 3348 stitit,
213 3259 290 3334 nisi
316 3253 430 3358 quod
458 3255 624 3334 ineunte
641 3285 744 3335 anno
769 3259 960 3334 cloloxcr.
982 3256 1174 3356 Vellejum

76 3358 245 3436 ediderit.
300 3357 441 3454 Quum
461 3353 600 3431 deinde
621 3350 790 3457 ejusdem
810 3357 903 3434 anni
925 3381 1051 3432 mense
1071 3357 1175 3430 Mar·

76 3463 146 3549 tio,
176 3455 378 3562 Lugduno
409 3481 456 3530 ac
485 3453 676 3535 foederato
700 3459 827 3560 Belgio
850 3455 1008 3543 relicto,
1040 3455 1174 3530 Leodi-

75 3588 155 3636 cum
180 3587 220 3641 se
244 3555 504 3641 contulisset,
535 3569 594 3642 et,
625 3557 740 3632 sacris
758 3553 988 3642 emendatis,
1015 3579 1174 3658 quaese
1228 3609 1254 3628 .,

74 3663 226 3764 probare
254 3680 398 3762 nuper
422 3653 642 3743 simularat,
678 3654 854 3756 ejuratis,
894 3653 943 3732 ad
972 3653 1030 3729 bis
1061 3673 1172 3734 antea

74 3763 305 3868 repudiatam
327 3753 563 3854 religionem
574 3755 806 3832 Catholieam
818 3759 1026 3831 Romanam
1043 3751 1173 3830 rediis-

70 3881 136 3950 set,
171 3863 234 3940 vix
268 3858 324 3936 ad
356 3853 547 3959 pristinas
568 3855 696 3930 Musas
720 3857 889 3932 animum
912 3853 1081 3956 erigendi
1106 3883 1173 3958 po-

70 3983 224 4044 tetatem
244 3957 425 4044 habuit,
452 3967 492 4028 et
511 3949 560 4026 ad
580 3953 728 4060 ineptas
751 3981 872 4059 nugas
895 3955 1093 4060 traductus
1112 3957 1174 4030 Li·
