2638 4684
160 324 331 392 ctxrvlp
400 351 409 376 .
470 293 941 370 PRAEFATIO

164 417 1248 464 -............--...-.Λ-.....-..-,..

159 518 299 590 Eodem
328 489 427 590 abno
452 489 623 618 Sigonius
645 475 1057 604 Veneriisttobortello
1080 517 1183 606 dnos,
1202 521 1254 587 t:-

159 617 436 702 mendntionum
467 619 581 691 libros
615 620 822 718 opposuit,
868 635 905 690 et
942 618 1087 690 duobus
1122 615 1255 717 primis

96 748 100 758 ·
187 718 295 790 rioris
323 718 409 790 libri
433 719 617 820 capitibus
640 713 896 806 defendit'ea,
933 742 1026 815 quae
1048 715 1255 790 Robortel·

95 844 99 853 ·
158 745 196 889 lo
229 816 374 892 duobus
404 817 593 918 prioribus
626 818 816 918 opusculis
849 842 1005 917 carpere
1038 815 1251 916 placuerat.

161 921 278 1017 Quum
303 934 425 989 autem
449 919 550 990 circu
578 915 676 990 idem
701 936 846 1016 tempus
868 915 1031 1015 Epistola
1052 914 1255 1000 Glareaui,

125 1015 1258 1205 t:t‘ilitllbPtltll.tblftlttbtlllbd

159 1215 357 1316 incidillet‚
381 1216 537 1314 ejusque
555 1229 670 1315 opera
691 1215 829 1289 Patavii
852 1215 1040 1313 divulgata
1062 1217 1168 1302 silet,
1197 1213 1256 1284 ei-

158 1318 242 1388 dem
264 1315 372 1388 simul
390 1314 564 1412 Sigonius
586 1314 649 1388 lib.
674 1337 703 1387 1.
726 1315 880 1388 Emend.
908 1341 995 1414 cap.
1015 1341 1072 1389 xv.
1093 1339 1258 1412 respon-

158 1414 221 1487 dit.
284 1415 365 1487 Jam
396 1414 592 1486 commoda
620 1413 841 1488 Robortello
869 1414 957 1484 data
989 1427 1068 1482 erat
1097 1407 1262 1484 occasio

157 1509 424 1614 patefaciundi,
455 1512 653 1610 ‘sigonium
680 1539 809 1584 revera
843 1519 878 1584 in
906 1513 1095 1600 pluribus,
1134 1533 1257 1601 quom
1300 1537 1303 1602 ,t

158 1619 312 1684 nrilleet
330 1617 506 1683 sexcentis
526 1617 562 1680 in
584 1617 695 1698 locis,
724 1616 869 1682 Liuium
894 1617 1116 1698 corrupisse,
1147 1609 1258 1706 quod
1303 1646 1304 1680 t

156 1737 198 1786 sc
216 1711 408 1785 facturum
422 1709 534 1784 modo
560 1709 720 1783 minatus
739 1699 876 1782 lucrat.
928 1715 1068 1787 Verum
1088 1709 1257 1796 promis·
1304 1730 1305 1758 ³

84 1833 87 1840 '
156 1813 208 1886 sis
232 1837 307 1884 non
329 1809 442 1897 stetit,
475 1827 514 1882 et
533 1835 731 1910 numquam
753 1809 809 1881 vel
833 1812 935 1908 ipse,
960 1808 1017 1882 vel
1039 1797 1256 1884 Glareanus
1305 1814 1306 1826 ’

157 1912 247 1998 illis,
276 1935 377 2008 quae
390 1909 565 2008 Sigonius
585 1908 778 2010 rescripsit
790 1961 808 1996 ,‚
826 1909 969 2008 aliquid
991 1923 1259 2008 reposuerunt.

159 2013 256 2111 Quin
285 2007 396 2082 etiam
421 2008 547 2105 postca
573 2008 618 2082 lis
647 2011 747 2080 inter
767 2009 961 2105 Sigonium
988 2027 1026 2086 et
1052 2007 1260 2082 Robortel·

158 2110 233 2183 lum
261 2134 376 2208 opera
399 2106 617 2211 Hieronymi
642 2109 864 2279 scalpendi,
900 2105 1093 2182 Ecclesiae
1113 2115 1260 2182 Roma-

159 2236 231 2282 nae
256 2209 488 2296 cardinalis,
526 2207 719 2282 sublatae
752 2264 773 2279 ..
823 2210 866 2282 Id
898 2226 1096 2308 antequam
1129 2209 1260 2294 lieret,

160 2311 294 2382 eodem
313 2325 493 2410 tempore,
520 2333 595 2408 quo
609 2307 783 2405 Sigonius
806 2335 846 2382 se
866 2310 1043 2382 adversus
1064 2308 1258 2382 obtrecte-

77 2407 85 2424 ’
159 2427 265 2484 tores
287 2405 530 2496 defendabat,
556 2407 799 2482 Robortellus
820 2423 888 2481 suo
910 2427 1050 2492 sumtu,
1078 2408 1146 2482 sed
1166 2407 1262 2481 licto

160 2507 278 2584 Altilii
299 2507 457 2608 Aquilae
477 2507 643 2596 nomine,
667 2507 784 2582 edidit
804 2508 990 2586 Gabrielis
1012 2507 1147 2583 Faerni
1165 2507 1261 2606 Epi-

161 2607 308 2699 stolam3
344 2632 460 2705 quae,
493 2607 766 2704 lingualtalica
789 2608 1025 2707 conscripta,
1059 2633 1266 2681 censuram

163 2706 402 2805 quorumdam
427 2706 725 2782 emendationum
750 2706 983 2780 Livianarum
1000 2707 1144 2804 Sigonii
1166 2733 1265 2780 con·

161 2806 314 2878 tinebat.
369 2808 493 2896 Hanc,
529 2809 703 2906 quoniam
724 2808 1076 2908 nonpell'imobvia
1098 2806 1166 2892 eli,
1201 2807 1267 2878 in·

96 2918 105 2930 “
164 2905 224 2994 fra
252 2907 325 2978 boc
351 2920 454 2978 tomo
486 2903 645 2979 exhibui.
697 2907 827 2980 Eidem
853 2907 1029 3006 Sigonius
1061 2906 1172 3003 simul
1200 2931 1267 2980 re·

165 3004 353 3104 spondere
379 3031 454 3076 non
481 3005 621 3105 potuit,
664 3006 753 3101 quia
780 3007 924 3080 demum
952 3009 995 3079 in
1023 3031 1153 3080 manus
1181 3008 1267 3102 ejus

114 3162 117 3171 ,
166 3103 375 3194 inciderat,
417 3125 530 3203 quum
556 3102 643 3177 libri
667 3107 975 3180 Emendationum
997 3110 1074 3206 jam
1098 3105 1268 3207 prodiis-

167 3222 259 3278 sent.
313 3207 452 3279 Verum
483 3230 594 3302 quum
618 3203 663 3276 lis
686 3204 783 3276 inter
804 3207 1063 3300 Robortellum
1090 3224 1128 3279 et
1150 3204 1269 3304 Sigo-

166 3305 270 3378 nium
292 3328 393 3378 anno
417 3307 616 3376 statuent.
639 3305 900 3395 recruduillct‚
930 3332 976 3380 ac
995 3304 1190 3400 Sigonius,
1221 3323 1268 3378 ut

166 3405 382 3478 retunderet
413 3401 593 3476 ferociam
618 3405 849 3496 Robortelli,
887 3407 951 3505 qui
984 3406 1130 3477 iuterim
1159 3429 1267 3476 eam·

169 3505 251 3578 dem
272 3501 471 3604 Epistulam
494 3504 646 3593 Fa'e‘rni,
682 3505 751 3578 sub
772 3505 923 3596 nomina
942 3504 1145 3580 Constantii
1165 3505 1269 3578 Cha·

169 3605 270 3693 risii,
304 3605 426 3677 denuo
454 3602 641 3692 ediderat,
670 3606 762 3679 duos
788 3606 1088 3705 Disputaticnum
1115 3603 1267 3677 Patavi·

169 3729 300 3777 narum
326 3703 467 3788 libros,
501 3702 566 3801 qui
587 3703 685 3777 inter
707 3707 787 3802 ejus
811 3729 926 3805 opera
954 3705 1111 3791 exstant,
1151 3707 1266 3774 Pata·

25 3861 26 3866 η
170 3805 218 3875 vii
241 3804 415 3876 aduersus
437 3802 695 3876 Robortellnm
720 3805 872 3891 ederet,
908 3804 1038 3876 eadem
1065 3827 1180 3902 opera
1203 3803 1266 3874 ul·

170 3903 262 3975 timo
284 3903 581 4001 Disputationum
608 3903 703 3976 libro
730 3903 860 3978 Fadrui
888 3905 962 4000 jam
989 3921 1065 3975 tum
1093 3901 1267 3974 defuncti

171 4002 356 4102 Epistulae
390 4003 602 4102 respondit:
642 4004 745 4103 quod
777 4005 887 4076 etiam
921 4028 1140 4102 responsum
1173 4000 1268 4074 inde

28 4113 31 4206 ]
169 4119 385 4210 excerptum
414 4099 513 4180 infra
541 4100 581 4176 in
606 4103 705 4180 hmo
731 4123 869 4180 tomum
891 4104 1058 4210 proxima
1082 4099 1163 4208 pot
1186 4127 1266 4180 tuc-
