2638 4684
289 295 380 370 Au
431 287 875 368 tucronutt.
1003 305 1145 368 cmm

71 525 136 596 lino
159 515 359 594 indicandi
385 517 622 622 provinciam
648 527 750 599 unus
776 543 929 608 eorum,
963 515 1147 596 Doctissi-

71 647 138 696 nus
159 617 291 694 abbas
315 616 511 734 Souchay,
546 618 871 696 consentientibus
897 619 1065 722 collegis,
1104 617 1148 694 in

69 747 101 795 se
121 717 299 820 suscepit.
351 719 389 791 is
417 717 535 820 igitur
562 717 780 824 respondit,
845 717 1003 794 uuedsm
1035 734 1074 794 et
1104 716 1171 824 iu⁸

70 819 166 896 rebus
185 832 225 892 et
248 815 293 892 in
312 815 440 894 verbis
459 819 684 902 occurrisse,
716 843 817 920 quse
870 817 943 894 'vio
966 817 1148 894 conveni-

69 947 101 994 ιε
124 943 199 992 non
225 931 421 1018 poteraut.
472 917 723 994 Observatum
754 919 856 992 enim
886 941 983 1004 esse,
1020 917 1061 992 in
1089 941 1148 992 re·

69 1047 138 1092 rum
166 1031 365 1120 gestarum
395 1015 614 1090 narratione
644 1017 833 1092 nonnullo
863 1015 1007 1104 omitti,
1047 1037 1148 1118 quas

68 1117 179 1192 livius
209 1115 393 1190 omittere
427 1141 506 1188 non
537 1113 700 1208 solebat3
739 1115 926 1192 nonnulla
958 1143 1003 1192 eo
1035 1111 1148 1192 modo

66 1215 234 1390 ffini'
275 1229 326 1290 ut
348 1211 866 1390 indffirdiffid'mmdi
909 1215 1025 1292 verbs
1051 1241 1148 1388 serg

120 1341 136 1388 s
180 1341 249 1390 um
339 1342 389 1390 ne
655 1339 781 1390 vnum
856 1339 946 1404 isse,
1020 1341 1062 1390 ιιι
1098 1340 1119 1386 a

68 1413 251 1490 emendato
309 1413 375 1489 'rii
405 1439 578 1490 sermone
608 1431 647 1490 et
673 1414 792 1490 luctea
819 1411 901 1514 ejus
928 1341 1150 1518 eloduentiu

67 1513 309 1617 maximopere
343 1511 582 1590 abhorrebat
643 1515 745 1618 ¹¹³⁰?
773 1513 876 1590 credi
909 1541 1036 1618 posse,
1069 1535 1149 1588 esso

68 1613 282 1730 particulam
313 1615 472 1730 vitiosae
493 1611 679 1728 versionis
699 1613 865 1792 Ἠδίἰ,
901 1641 978 1718 qun
1001 1613 1149 1730 sffrsecs

69 1729 388 1890 duffii}
406 1711 682 1890 fflfd
699 1707 1148 1915 ,trisitti'iffltffi

70 1939 140 1986 rum
159 1915 441 2012 Fragmentum
467 1912 564 1990 illud
592 1913 809 2001 accusabat,
843 1913 954 2016 plura
977 1909 1147 2015 exempla

69 2013 99 2085 iu
114 2013 283 2088 medium
301 2013 454 2088 adttdit.
503 2012 639 2108 Quum
654 2013 886 2114 argumentis
900 2010 1034 2086 adlatis
1052 2037 1147 2085 non·

70 2109 144 2186 dum
166 2111 312 2189 cedens
330 2109 595 2216 schoepflinus
615 2109 925 2200 difficultatibus,
951 2137 1051 2214 quse
1068 2135 1147 2184 mo·

70 2225 115 2286 tae
130 2229 260 2296 erant,
288 2209 536 2328 respondere,
562 2227 601 2326 et
618 2213 889 2326 Fragmentum
913 2239 935 2284 a
958 2237 997 2286 se
1023 2210 1063 2284 in
1087 2209 1147 2324 lu·

68 2307 1148 2488 seusatus{descendissem

69 2509 143 2584 tiam
167 2511 314 2588 iterum
340 2507 531 2594 defendit,
569 2527 629 2598 et,
663 2507 712 2584 de
746 2525 903 2586 auctore
932 2507 1148 2610 fragmenti
1276 2561 1284 2576 ,

69 2632 182 2708 egeus,
217 2611 426 2687 interulis
450 2609 639 2724 reposuit,
673 2607 762 2684 licet
786 2607 977 2684 incertum
999 2609 1068 2690 sit,
1103 2633 1148 2680 u·

71 2721 152 2782 uum
173 2711 186 2785 i
278 2709 484 2798 Klockius,
511 2735 579 2812 qur
601 2707 807 2784 acutissimi
831 2707 973 2810 ingenii
995 2705 1148 2810 juvenis
1189 2745 1198 2768 ι

69 2803 163 2886 fuisse
219 2812 362 2894 'citum
395 2835 447 2884 an
473 2835 564 2884 reru
589 2809 706 2894 alius,
741 2807 810 2910 qui
833 2809 962 2882 seculo
988 2821 1146 2910 quartu,
1295 2839 1296 2860 ι

70 2909 180 3000 tertio,
204 2913 268 2987 vel
296 2907 424 2984 adhuc
445 2908 641 2984 remotiori
661 2905 815 2994 vixerit,
841 2907 1056 3008 Fragmenti
1077 2929 1145 2980 au·
1295 2938 1296 2956 ι

70 3020 135 3078 ctor
151 3009 297 3094 fuerit,
331 3007 371 3083 id
394 3007 466 3083 sibi
490 3007 684 3094 sussicere,
721 3005 925 3082 Liuianum
948 3033 1027 3082 uon
1055 3029 1147 3088 ωε,

71 3119 101 3176 st
110 3103 352 3186 difficultates
367 3107 522 3184 maximi
534 3105 729 3194 momenti,
746 3103 858 3182 etism
871 3122 957 3210 post
967 3104 1085 3180 Schce

69 3199 125 3276 lini
141 3233 385 3314 responsum,
411 3205 584 3282 noudum
606 3221 768 3282 remotus
791 3231 880 3282 esse.
933 3207 1063 3310 ipsum
1080 3101 1146 3278 dd-

71 3299 143 3379 inde
162 3333 391 3414 responsum
413 3301 494 3408 ejus
547 3305 696 3382 turibus
719 3306 932 3392 examinat,
969 3301 1147 3406 illudque

70 3409 235 3520 crapulis
256 3405 412 3508 injectis
436 3333 610 3482 nondum
628 3401 849 3480 satisfecisse
871 3399 1046 3480 ostendit.
1090 3404 1146 3516 Si·

72 3497 228 3595 lentium,
259 3503 370 3624 quod
390 3503 652 3612 Schoepdiuus
674 3531 720 3580 ex
743 3529 788 3578 eo
813 3521 982 3608 tempore
1008 3516 1145 3590 tenuit,

73 3597 216 3682 indimus
235 3605 414 3690 videtur,
451 3631 541 3682 eum
564 3606 624 3681 rel
643 3600 958 3679 Academicorum
980 3599 1146 3676 auctori·
1294 3623 1295 3626 ’

75 3699 128 3772 tati
144 3731 183 3778 ao
203 3705 350 3807 judicio
371 3705 541 3794 cessisse,
568 3705 629 3781 vel
646 3701 886 3804 gravioribus
908 3729 953 3776 sc
972 3699 1145 3776 certiori·

74 3792 129 3872 bus
151 3805 383 3906 argumentis
414 3805 643 3882 sententiam
675 3827 783 3879 susm
812 3800 1040 3883 defendere,
1082 3815 1143 3886 et,

77 3921 170 3996 quam
186 3907 366 3984 fovebant
387 3901 623 3993 Academici,
656 3899 830 3980 refellere
859 3929 937 3977 non
960 3899 1140 4004 potuisse.
1166 3923 1173 3936 ⁸
1293 3969 1294 3998 ,

77 3995 167 4078 Plura
188 4006 300 4086 latius
324 4004 450 4087 videri
473 4019 635 4111 possunt
662 4003 706 4084 in
724 4002 891 4084 domn
909 3997 1136 4078 Academias

1292 4005 1294 4104 i
