2638 4684
150 275 311 328 amm:
461 234 932 326 raaaaarr'o

150 479 289 584 llegiae
323 483 625 585 Inscriptionum
662 497 702 557 et
739 478 1014 576 humaniorum
1047 475 1277 553 literarum

151 592 242 654 tom.
263 610 298 656 v.
320 609 403 685 pag.
426 587 504 658 105.
529 598 569 658 et
589 608 694 686 seqq.
719 577 809 657 edit.
830 578 985 653 Amstel.
1051 574 1178 673 Quod
1219 571 1276 646 ad

151 703 212 753 me
231 707 338 756 nunc
355 681 522 770 adtinet,
546 707 670 783 quum
686 679 947 757 Clarissimum
964 675 1278 781 Schoepflinum

125 773 222 882 ‘per
248 779 375 858 literas
401 780 633 882 bibliopolae
664 777 878 886 promisisse
903 778 1027 892 primo
1055 774 1272 856 audirem,

151 903 192 954 se
222 878 412 956 ineditum
438 881 535 956 Livii
569 883 838 982 Fragmentum
869 902 1097 958 missurum,
1143 875 1275 948 inex-

151 994 344 1076 spectatus
368 996 487 1082 atque
514 980 728 1084 insperatus
749 975 915 1053 nuncius
938 975 1040 1050 baud
1061 974 1138 1050 leri
1160 999 1275 1076 gau·

150 1074 217 1152 dio
239 1077 414 1154 animum
435 1078 586 1155 adfecit.
638 1077 821 1154 Putabam
842 1075 947 1151 enim
968 1075 1146 1151 metanti
1176 1071 1277 1144 the-

151 1177 255 1252 sauri
277 1169 537 1280 publicatione
559 1207 638 1255 non
658 1179 833 1292 exiguam
849 1174 953 1278 apud
970 1173 1151 1261 Eruditos
1172 1197 1273 1273 gra-

83 1327 87 1348 .
152 1275 243 1349 tiam
260 1275 467 1376 initurum,
496 1304 709 1382 eorumque
728 1277 916 1378 insignem
935 1301 980 1348 ac
998 1274 1273 1377 praecipuum

137 1373 324 1460 ,favorem
354 1377 428 1452 boc
460 1377 651 1454 lenocinio
683 1375 861 1475 editioni,
905 1400 1023 1476 quam
1054 1373 1271 1477 parabam,

151 1474 456 1553 conciliaturum.
517 1479 687 1586 Vprum,
722 1474 790 1556 illo
814 1491 972 1578 accepto
995 1500 1039 1548 ac
1062 1471 1270 1574 perlecto,

17 1580 21 1592 '
152 1599 215 1690 me
239 1601 374 1677 magna
402 1575 450 1654 de
479 1603 546 1681 spe
576 1575 759 1654 decidisse
786 1573 969 1650 intellexi.
1020 1575 1107 1648 Non
1140 1568 1270 1654 modo

153 1699 258 1750 enim
291 1702 370 1754 non
396 1675 591 1761 dubitavi,
632 1675 730 1780 quin
761 1671 811 1748 ad
837 1674 956 1748 alium
985 1671 1165 1777 quemvis
1194 1691 1272 1773 po·

155 1773 249 1862 tius,
282 1802 399 1876 quam
422 1775 470 1850 ad
490 1776 661 1866 Livium,
695 1773 941 1850 referendum
963 1772 1080 1863 soret3
1118 1795 1267 1845 rerum

153 1872 312 1977 insuper
333 1873 447 1962 etiam
467 1872 653 1976 judicari,
687 1901 767 1952 esse
787 1873 1004 1950 liberiorem
1026 1870 1176 1974 Polybii
1200 1869 1267 1943 in·-

28 2037 32 2046 ,
155 1972 488 2088 terppetatiouem‚
531 1975 595 2052 cui
630 1993 765 2052 auctor
798 1973 1030 2092 prolubitu
1062 1969 1264 2072 quaedam

153 2089 295 2176 partim
318 2071 483 2161 addidit,
509 2076 648 2179 partim
667 2074 849 2150 detraxit:
885 2087 987 2148 certe
1008 2097 1141 2146 rerum
1162 2095 1264 2144 nar-

153 2169 363 2258 rationem,
390 2174 514 2276 qualis
534 2175 575 2248 in
594 2178 624 2250 F
625 2191 820 2276 ragmento
839 2171 1084 2255 occurrebat,
1107 2169 1263 2274 optime

154 2270 320 2373 polybii,
357 2299 495 2378 pamm
512 2273 631 2360 Livii,
665 2273 822 2350 oonsilio
849 2287 888 2349 et
912 2271 1089 2346 instituto
1114 2293 1263 2344 couve-

154 2370 250 2445 nire.
302 2373 399 2447 Nam
425 2372 625 2476 Polybius,
659 2373 853 2450 historiam
884 2399 906 2446 a
936 2387 1039 2446 certo
1071 2366 1262 2472 temporis

154 2485 322 2573 puncto,
354 2497 400 2546 ac
423 2471 543 2548 ferme
566 2501 587 2546 a
610 2472 711 2548 bello
735 2472 881 2546 Punico
911 2469 1082 2546 secundo
1112 2465 1260 2544 descri-

155 2585 314 2671 pturus,
348 2568 499 2648 duobus
518 2571 715 2688 prioribus
741 2570 849 2646 libris
871 2571 974 2644 viam
999 2569 1071 2645 sibi
1099 2566 1148 2644 ad
1171 2591 1261 2642 eam

155 2671 408 2770 praestruxit,
446 2687 485 2747 et
516 2689 618 2746 anter
646 2671 720 2747 alia
748 2671 848 2754 libro
877 2669 1002 2774 primo
1034 2666 1260 2745 summatim

157 2765 323 2844 reserens
352 2767 495 2846 bellum
518 2771 705 2846 Punicum
731 2771 921 2873 primum,
957 2795 1016 2844 res
1041 2797 1085 2845 eo
1110 2785 1261 2870 tempo-

158 2891 200 2942 re
230 2883 350 2980 gestas
376 2869 513 2946 leviter
543 2887 693 2946 tantum
719 2870 998 2974 perstringere,
1041 2889 1261 2969 earumque

157 2981 281 3067 caprta
305 2968 539 3047 solummodo
564 2985 718 3072 tangere
744 2969 966 3074 proposuit,
1005 2967 1112 3046 unde
1138 2990 1261 3068 quae-

158 3059 244 3137 dam
266 3065 397 3170 paucis
421 3070 547 3146 verbis
570 3097 742 3156 narrare,
779 3065 968 3172 quaedam
996 3070 1116 3144 sciens
1142 3065 1261 3140 silen-

160 3162 213 3238 tio
236 3165 535 3266 praetermittere
554 3169 703 3252 debuit,
756 3170 896 3244 Contra
913 3169 1054 3257 Livius,
1080 3168 1151 3272 qui
1168 3163 1261 3239 uni·

160 3287 307 3338 versam
329 3267 586 3348 Romanorum
610 3267 807 3345 historiam
834 3266 883 3340 ab
903 3267 1008 3344 Urbe
1032 3267 1186 3344 condita
1208 3259 1259 3338 ad

159 3385 228 3436 sua
252 3379 422 3467 tempora
441 3366 679 3446 deducturus
700 3384 803 3456 erat,
830 3392 909 3440 non
932 3365 1078 3446 minori
1095 3345 1260 3467 diligen·

163 3459 214 3534 tia
245 3479 284 3538 et
310 3462 496 3569 adparatu
524 3470 670 3546 bellum
689 3468 879 3544 Punicum
905 3469 1071 3570 primum
1094 3465 1260 3568 ejusque

162 3557 260 3646 sata,
285 3591 400 3669 quam
420 3570 633 3648 secundum
655 3572 736 3644 sive
755 3565 1056 3644 Hannibalicum
1078 3587 1258 3647 enarrare

161 3657 309 3740 debuit.
357 3667 444 3742 Jam
481 3687 611 3746 autem
651 3697 730 3745 non
765 3665 863 3742 Livii
901 3669 1059 3743 consilio
1096 3665 1258 3768 ejusque

163 3759 347 3853 ubertati,
378 3765 444 3842 sed
471 3769 728 3857 festinationi,
766 3793 844 3868 qua
862 3766 1065 3870 Polybium
1099 3795 1147 3844 eo
1174 3765 1258 3840 loco

164 3863 224 3940 uti
247 3865 462 3969 oportebat,
486 3887 624 3945 auctor
644 3867 861 3970 Fragmenti
884 3865 1087 3960 satisfaciu
1121 3863 1192 3968 qui
1214 3862 1258 3939 il·

165 3957 223 4056 la,
246 3991 345 4070 quae
363 3969 487 4072 primo
507 3996 611 4047 anno
631 3968 724 4046 belli
740 3967 877 4051 Punici
899 3966 1258 4080 primigenum,
