2726 4676
131 237 238 338 'n
493 207 959 338 enarrarre
1134 192 1199 379 s

192 485 402 580 &Romae
417 485 608 660 Ερῖεοοῐο
626 431 830 563 delibata-
861 497 905 562 ln
918 487 1142 592 Campania,
1169 487 1292 564 adeo·

195 614 270 687 qao
289 589 328 661 in
347 611 465 686 regno
485 589 558 688 Alp
586 588 670 662 onai
687 588 962 690 Neapolitano,
988 573 1133 668 Vellem
1147 593 1294 662 Home·

44 687 48 693 ’
191 687 227 762 ri
254 687 367 763 lliada
396 687 567 762 motione
599 701 775 792 proauiae
808 689 847 761 ia
875 712 1083 764 sermonem
1111 688 1294 764 antinum

192 787 437 876 noostulille,
465 787 604 886 'colligo
624 791 768 887 exejus
787 787 917 864 liber.
937 789 1138 864 Reorimin.
1161 788 1200 861 io
1214 791 1296 860 Fa·

193 889 293 1006 eiuro
311 911 394 988 pag.
415 887 511 968 6eo..
545 890 665 989 Quum
688 889 786 962 enim
803 889 937 971 Faeiue
959 879 1167 988 obtendes,
1199 911 1295 959 eum

193 988 377 1062 versionis
395 988 618 1062 Homericae
641 1006 831 1064 auctorem
853 1013 931 1061 non
956 990 1049 1080 elle,
1085 986 1295 1064 sedaliam

196 1095 454 1181 uetustiorem,
491 1114 584 1181 quae
608 1091 694 1178 jam
727 1113 840 1180 supra
873 1095 1111 1163 centesimum
1144 1111 1294 1162 annum

195 1195 405 1264 Florentiae
423 1192 521 1280 fuit,
558 1201 594 1262 et
618 1195 655 1262 in
682 1195 825 1262 Nioolai
857 1193 1073 1264 bibliotheca
1105 1193 1182 1262 uisa
1210 1201 1295 1276 est,

193 1295 320 1381 paneis
338 1293 562 1384 quibusdam
579 1297 820 1381 permutatis,
841 1313 906 1381 pro
925 1315 996 1363 sua
1015 1292 1221 1378 uenditum
1247 1304 1296 1362 nt

193 1390 289 1464 haee
305 1389 416 1464 rerba
436 1388 521 1464 falsi
540 1390 800 1482 ooorinoeret,
823 1390 921 1466 inter
939 1392 1013 1465 alia
1032 1391 1153 1491 ipsum
1172 1390 1296 1463 inter·

135 1571 140 1583 ,
193 1489 357 1590 rogarit,
397 1501 525 1563 utrum
548 1494 718 1563 eamdem
740 1493 999 1581 incomperta
1022 1493 1213 1567 babuerit?
1258 1491 1298 1560 ei
1346 1537 1347 1544 κ

195 1604 454 1685 νινομιινυηι
473 1593 708 1666 commodato
727 1599 942 1682 accepisset,
968 1617 1083 1685 quum
1100 1593 1296 1680 Neapolim
1346 1631 1347 1640 κ

196 1698 355 1768 ueniret?
393 1715 462 1782 on,
493 1717 607 1794 qaum
629 1691 767 1766 ibidem
788 1692 961 1792 degeret,
993 1716 1056 1792 per
1076 1699 1202 1766 literas
1217 1697 1296 1762 im-

192 1799 399 1888 petrasset?
796 1862 800 1870 ,

273 1892 453 1992 Neapoli,
493 1891 552 1965 rol
586 1907 688 1966 eerte
718 1893 758 1966 in
786 1917 904 1992 regno
932 1893 1081 1970 attonsi
1109 1885 1296 1992 Neapoli·

70 2042 76 2050 ι
195 2009 305 2082 teno,
332 1993 470 2090 degens
490 1991 598 2070 vana
618 1993 771 2094 insuper
791 1992 910 2067 edidit
930 2019 995 2069 rex
1011 1992 1299 2090 Elegantierum

197 2091 347 2192 linguae
359 2092 514 2167 Latinae
525 2091 655 2166 libros.
676 2079 962 2168 laPraeiatioae
974 2095 1070 2168 enim
1084 2091 1170 2166 libri
1181 2089 1300 2191 quin·

196 2191 340 2269 tiinter
352 2191 425 2266 alie
438 2189 617 2291 queritur,
643 2202 794 2268 tertium
809 2199 894 2281 iam
913 2199 983 2268 sibi
1006 2207 1041 2269 et
1058 2217 1164 2286 prope
1178 2214 1300 2282 quar·

195 2305 280 2366 tum
302 2316 442 2365 annum
473 2299 534 2387 agi
562 2298 803 2388 peregrinanti
825 2317 989 2385 nemper,
1024 2305 1059 2366 et
1080 2317 1143 2384 per
1166 2297 1300 2388 omnia

198 2399 322 2466 maria
341 2403 529 2486 terraeque
552 2399 729 2486 volitanti,
755 2401 925 2485 proxima
946 2402 1059 2468 etiam
1079 2405 1234 2479 aestate,
1257 2403 1302 2463 et

201 2495 351 2586 quidem
373 2505 475 2582 tota,
504 2499 680 2569 militiam
703 2507 867 2586 experta.-
893 2495 1093 2594 additqae,
1121 2517 1158 2566 se
1179 2497 1303 2564 nesci-

199 2619 261 2683 re,
297 2605 426 2668 utrum
451 2596 673 2684 honestiore,
709 2619 757 2668 aa
784 2599 902 2688 magis
925 2601 1128 2669 necessaria
1156 2615 1301 2665 caussa

195 2697 334 2784 feeerit.
371 2697 475 2789 Haeo
491 2692 671 2795 postrema
685 2692 800 2770 rerba
812 2710 967 2794 captans
980 2695 1106 2796 polteo
1118 2692 1301 2790 Poggius,
1346 2719 1347 2734 ¹

202 2819 241 2869 se
259 2800 349 2866 seire
365 2793 516 2883 fatetur,
547 2799 691 2867 Vallum
702 2800 917 2868 necessitate
932 2797 1062 2868 edendi
1077 2801 1211 2888 Regem
1223 2803 1304 2866 Ar-

202 2918 385 2992 ragonum
405 2906 574 2966 secutum
595 2918 679 2968 esse.
731 2892 829 2972 Vide
845 2894 993 2973 Vallem
1016 2894 1082 2968 lib.
1101 2919 1141 2968 11.
1165 2891 1302 2970 Antid.

204 2995 244 3070 in
264 2999 375 3094 Pogg.
398 3019 482 3094 pag.
505 2995 590 3089 apli.
653 2997 774 3095 Quom
804 3010 927 3069 entem
954 2995 1106 3095 insuper
1132 2993 1303 3091 Poggino

233 3095 326 3169 rime
351 3092 463 3168 rerba
489 3093 702 3192 jaetantiee
717 3111 909 3192 argueret,
950 3095 1063 3174 Vallo
1086 3095 1145 3169 ani
1166 3091 1307 3168 deien-

110 3250 117 3266 ,
204 3121 321 3270 dendi
341 3193 462 3269 cauffo
483 3194 581 3269 inter
601 3195 674 3268 elia
692 3193 909 3294 respondit,
944 3218 985 3267 se
1004 3201 1134 3290 pugnis
1155 3199 1308 3266 nauali·

124 3363 129 3374 ,
205 3300 276 3372 bus
300 3297 352 3366 od
370 3299 531 3368 insulam
554 3299 717 3368 laariom
738 3307 774 3366 et
790 3299 877 3368 alibi
895 3301 1123 3383 interfuisse,
1157 3318 1228 3366 non
1252 3300 1310 3366 si-

205 3422 251 3470 ne
269 3401 364 3468 uitae
379 3399 557 3485 perionlo;
593 3417 630 3466 se
649 3399 856 3468 multarunt
879 3400 1150 3488 expeditionum
1171 3400 1309 3466 claris-

208 3503 293 3572 simi
318 3500 425 3590 Regis
447 3498 622 3585 Alpbonsi
649 3501 817 3574 comitem
838 3501 983 3588 fnisse,
1022 3508 1058 3569 et
1079 3507 1135 3567 tot
1160 3501 1309 3585 proelia

208 3600 362 3685 uidisse,
399 3602 437 3668 in
466 3599 597 3687 quibus
624 3598 669 3667 de
697 3603 818 3670 salute
843 3623 987 3691 quoque
1006 3619 1076 3671 sua
1099 3599 1284 3690 agebatur
1293 3627 1309 3686 ς

109 3733 113 3742 ·
207 3722 248 3771 ee
270 3700 422 3789 denique
442 3699 583 3770 Salerni
601 3720 667 3787 pro
691 3705 942 3771 incolumitate
961 3701 1198 3785 Monosterii,
1241 3703 1311 3770 cui

207 3809 377 3893 praeerat
399 3819 597 3893 germanus
608 3805 628 3890 ,⁸
647 3801 699 3868 ad
720 3823 827 3890 quem
851 3803 1041 3873 uisendum
1063 3809 1145 3888 post
1163 3800 1312 3869 multos

208 3920 327 3974 annos
346 3923 387 3968 eo
406 3923 491 3972 cum
509 3904 651 3971 triremi
670 3903 885 3991 traiecerat,
905 3905 1110 3987 fortissime
1129 3901 1311 3970 dimicas-

207 4023 270 4088 se,
309 4006 501 4090 locumque
531 4011 699 4074 tutatum
726 4024 813 4084 esse.
876 3999 974 4077 Vide
999 3997 1145 4077 Vellem
1176 3995 1243 4072 lib.
1270 4017 1309 4072 1.

206 4099 336 4191 Antid.
357 4099 398 4176 iu
414 4103 526 4202 Pogg.
551 4125 638 4203 pag.
656 4101 741 4204 273.
790 4099 860 4180 His
883 4097 991 4178 libris
1015 4095 1310 4177 conseribendis
