2638 4684
261 233 374 308 An
443 235 915 314 LECTOREM·
1000 255 1008 266 ·
1091 265 1162 316 otu

56 463 101 538 cni
123 459 351 536 thesaurum
391 460 529 542 hunc
564 465 736 568 quotidie
765 467 883 542 oculis
911 468 1165 574 perlustrare,

54 591 84 640 ac
102 587 203 635 nanu
225 577 410 664 tangere
433 565 587 640 datum
605 582 703 656 erat,
730 567 804 640 t'am
827 597 848 642 o
878 587 1042 673 portuun
1063 597 1165 644 com-

54 663 229 748 moditate,
274 689 395 764 quae
436 693 531 741 non
564 691 714 768 semper
744 595 922 742 omnilus
957 667 1164 768 contingit,

53 766 225 850 invitante,
254 791 366 867 quas
389 783 576 871 poteret,
604 765 784 846 Puteenei
808 768 997 852 lectiones,
1023 766 1163 842 aGro-

52 865 145 942 novio
179 893 264 940 non
299 883 584 956 memoratas,
629 863 695 940 dili
721 865 869 954 entius,
915 893 1032 972 quam
1061 869 1164 969 quis-

51 991 150 1066 quam
164 965 289 1054 alius,
317 967 619 1052 collecturum,
645 983 683 1040 et
696 895 758 1042 lis
777 967 895 1042 veluti
913 967 1069 1070 gemmis
1087 967 1166 1044 edi·

51 1065 175 1140 tionem
204 1091 328 1140 auam
367 1083 683 1156 exornatumm,
718 1065 864 1142 abhoc
890 1069 1042 1172 incepto
1069 1067 1164 1144 mihi
1188 1108 1194 1118 ,

51 1163 305 1242 desistendum
337 1167 510 1254 censui,
546 1193 597 1242 ne
626 1193 779 1272 operam
809 1185 847 1244 et
876 1171 1003 1246 oleum
1031 1167 1165 1272 perde·

52 1293 142 1355 tem,
172 1283 211 1342 et
232 1283 382 1344 tamen
402 1267 545 1344 inutili
558 1287 611 1344 'ac
629 1293 865 1374 supervacuo
888 1269 1017 1346 labore
1037 1267 1164 1346 anticio

52 1368 222 1444 molestus
245 1393 397 1444 essem.

126 1565 332 1644 Secundus
365 1567 566 1662 codicum,
655 1567 776 1647 olrui
796 1598 845 1646 ne
904 1567 973 1662 'vi‚
1007 1588 1062 1648 est
1081 1571 1165 1650 Mo·
1282 1553 1285 1563 ¹

52 1667 258 1764 guntinus,
298 1687 402 1748 ante
426 1669 505 1746 duo
526 1697 674 1761 oecua,
709 1688 748 1746 et
775 1699 828 1774 qu
901 1672 1088 1762 excurrit,
1121 1674 1165 1748 in

50 1765 142 1842 aede
164 1767 270 1868 -ejus
377 1771 482 1845 itatis
512 1773 799 1876 metropolitana
836 1769 1074 1848 adservatus:
1120 1799 1166 1848 ex

48 1895 126 1970 quo
143 1867 229 1944 solo
250 1872 318 1946 ult
404 1897 426 1946 e
444 1887 570 1974 partes
589 1871 774 1948 librorum
788 1896 918 1946 namu.
936 1889 974 1946 et
990 1897 1048 1946 xn.
1067 1898 1166 1974 quae

46 1987 167 2043 antea
187 1971 293 2072 peri‘
430 1969 713 2058 'sumahantun
739 1971 781 2047 in
799 1971 926 2048 lucem
942 1987 1165 2074 protractae,

47 2089 82 2144 et
115 2067 176 2142 ab
210 2072 355 2146 interit
413 2069 627 2146 vindicatae
654 2087 755 2146 sunt.
805 2073 865 2144 De
886 2071 1029 2146 meritis
1049 2068 1166 2174 hujus

47 2171 168 2256 llsti,
193 2169 274 2271 qni
295 2185 453 2278 praeter
469 2171 669 2244 maximam
689 2187 831 2274 partem
851 2169 940 2246 libri
958 2197 1088 2245 xxxin.
1109 2164 1185 2246 re·¹

46 2269 187 2374 liquos
219 2289 374 2374 septem
404 2297 445 2346 oe
473 2285 607 2345 nentes
638 2297 760 2385 usque
787 2269 836 2346 od
863 2271 978 2344 linem
1002 2270 1090 2344 libri
1111 2295 1168 2344 xn.

48 2373 263 2456 continet,
292 2399 376 2444 non
397 2297 530 2446 eadem
550 2368 640 2444 olim
653 2369 756 2444 Viris
772 2369 903 2445 Doctis
923 2370 1069 2473 placuit
1085 2399 1169 2446 sen·

48 2473 200 2550 tentia,
264 2469 461 2554 Multum,
498 2469 561 2544 rel
592 2468 719 2574 potius
749 2469 930 2556 nimium,
967 2469 1002 2546 ei
1033 2469 1169 2544 tribuit

49 2573 300 2648 l'ranciscus
320 2569 533 2660 Aeclanum
573 2569 661 2670 qui,
688 2569 848 2646 Aldinae
879 2565 1035 2644 editioni
1063 2597 1170 2673 pree-

47 2669 210 2760 lectus,
236 2669 359 2774 hujus
384 2667 544 2754 codicis,
580 2669 785 2746 innumeris
807 2671 899 2744 locis
921 2697 1000 2744 uon
1021 2683 1169 2742 tantum

48 2773 225 2854 mlibris
251 2789 342 2872 onte
368 2765 452 2870 ejus
474 2768 735 2844 inventionem
757 2771 921 2856 excusis,
955 2795 1091 2844 rerum
1117 2783 1171 2844 et-

48 2869 133 2942 iam
165 2901 193 2946 a
223 2870 422 2977 plerisque
450 2884 489 2944 et
518 2884 668 2942 tantum
694 2897 773 2944 non
798 2869 973 2944 omnibus
995 2869 1101 2942 Mstis
1130 2869 1170 2942 iu

47 2968 220 3047 diversa
256 2967 456 3056 abeuntis,
494 2967 673 3056 lectiones
704 2969 823 3044 ferme
856 2995 983 3042 omnes
1017 2969 1170 3071 recepit.

48 3070 260 3148 Eumdem
288 3084 420 3173 postca
445 3065 652 3163 Gelenius,
692 3069 772 3144 sive
799 3067 1006 3142 Rhenanus
1031 3067 1172 3142 iterum

50 3172 295 3260 consuluit,
328 3185 368 3242 et
392 3170 534 3256 multa,
565 3167 812 3244 aCnrbachio
837 3195 881 3241 nc
904 3167 1005 3242 socio
1026 3166 1170 3256 omissa,

51 3267 151 3372 ejus
190 3267 376 3375 auspiciis
405 3267 547 3386 partim
578 3266 619 3344 in
651 3270 769 3354 notis,
804 3267 944 3372 partim
979 3266 1093 3342 tacite
1129 3266 1170 3340 in

53 3389 303 3447 contextum
352 3367 532 3444 ednionir
575 3367 863 3454 Frobenianae,
926 3393 1027 3470 quoe
1069 3393 1172 3438 anno

57 3473 310 3546 cloloxxxv.
339 3467 503 3574 prodiit,
528 3467 761 3544 admittendo
784 3465 1010 3546 emendavit.
1059 3463 1170 3540 Tanti

61 3571 188 3646 etiam
214 3569 374 3646 Modins
402 3569 515 3661 fecit,
548 3583 594 3644 ut
617 3595 747 3646 omnen
769 3567 851 3671 ejus
872 3565 1069 3652 lectiones,
1102 3581 1170 3638 aut

64 3691 174 3748 certe
207 3671 418 3746 maximam
452 3695 586 3746 earum
616 3687 783 3774 partem,
821 3695 915 3772 quas
941 3663 1171 3742 Carbaclnius

65 3770 113 3844 ad
149 3775 297 3850 calcem
335 3769 519 3846 editionis
546 3768 795 3871 Mogontinee
830 3765 1038 3868 adjecerat,
1073 3763 1172 3838 notis

66 3873 143 3947 ouis
168 3873 378 3951 intexeret.
441 3869 520 3944 Alii
549 3885 681 3944 contra
707 3867 875 3944 codicem
900 3864 1173 3968 Moguntinum

66 3999 111 4048 ex
132 3971 378 4054 membrania
404 3965 664 4074 interpolatis,
699 3969 741 4046 in
776 3967 917 4076 quibua
947 3964 1069 4050 multa
1098 3957 1173 4050 eibi
