2638 4684
186 321 233 370 a
305 286 314 303 “
416 261 964 367 xrnanrsr1o

186 518 443 617 Mogontinurn
469 543 650 620 persaepe
677 518 815 606 melam*
835 541 981 625 manum
1008 543 1160 618 passum
1185 542 1296 605 esse,

187 623 308 692 minus
341 617 483 691 imbuto
517 618 696 692 lectiones
732 621 811 716 ejus
846 617 1046 689 adtentiori
1079 643 1170 690 cura
1201 643 1299 688 exa·

187 719 390 808 minasset,
423 743 550 836 ‘eoque
565 770 592 834 ‚⁹
616 745 691 815 quo
717 716 938 818 praesertim
955 743 1044 817 prae
1072 717 1154 789 aliis
1182 717 1299 789 vaie-

75 873 78 880 1
187 817 274 908 bet,
308 819 446 918 ingsnu
472 843 641 890 acumine
668 818 964 905 considerasset,
1004 817 1127 918 piures
1155 819 1317 888 edhuo,

187 919 333 992 illarum
362 918 541 1016 genuinas
574 935 612 990 et
645 919 692 992 nb
723 921 806 1019 ipsa
832 917 924 989 Livii
950 943 1060 988 manu
1086 917 1298 1016 profectas

187 1045 271 1093 esse
296 1018 497 1091 arbitratus
520 1015 655 1090 fuisset
716 1018 808 1118 Quis
835 1020 950 1106 enim,
982 1042 1145 1116 quseso,
1176 1017 1317 1098 oodi·;

187 1119 244 1207 ti,
284 1122 388 1218 eujus
412 1117 529 1191 solius
556 1117 796 1207 auctoritate,
835 1134 985 1218 praeter
1010 1117 1158 1190 ultimas
1192 1117 1317 1188 duo-¹

187 1245 269 1292 rum
300 1217 481 1291 librorum
513 1235 661 1318 partes,
699 1217 859 1291 libenter
884 1241 929 1290 se
954 1217 1034 1289 sine
1058 1217 1133 1290 ulla
1161 1217 1317 1304 haesi-1

187 1321 329 1397 tutione
358 1319 600 1418 plurimarum
631 1319 848 1394 lacunarum
859 1352 876 1406 ,·
908 1315 1125 1413 (nonnullos
1150 1327 1317 1392 esrum}

185 1418 400 1492 enumeravi
424 1418 473 1491 sd
494 1417 586 1490 Livii
607 1418 672 1490 lib.
693 1441 819 1492 xxxvl.
842 1442 925 1517 esp.
940 1442 1018 1489 xix.
1044 1415 1078 1508 §.
1100 1417 1178 1514 ιθ.)
1206 1419 1300 1516 qui-

189 1519 265 1594 bas
293 1518 438 1618 priores
467 1518 560 1590 Livii
591 1518 775 1592 editiones
808 1517 947 1618 passim
980 1517 1124 1590 obsitae
1155 1523 1317 1606 erant,]

188 1618 447 1720 supplementa
470 1616 683 1692 admisimus
705 1641 749 1690 se
772 1616 1035 1720 probavimus,
1049 1617 1159 1688 fidem
1218 1618 1299 1690 ost-

189 1745 233 1792 es
256 1719 393 1792 habere
411 1735 624 1808 recusaret,
645 1715 776 1792 siuiiis
798 1715 892 1789 loeis
912 1741 983 1817 pro
1003 1716 1165 1817 lectione
1186 1647 1300 1790 baud

188 1819 288 1893 mals
314 1817 585 1895 alismbonem
605 1814 832 1891 substituet?
869 1834 929 1920 et,
964 1817 1299 1916 quamsiterutrs

190 1944 317 1992 esrum
349 1917 510 1991 librariis
539 1934 604 1992 sut
655 1916 900 1995 iossstoribus
933 1915 1186 1990 adscribendo
1218 1921 1300 2008 sit,

110 2091 114 2101 ,
189 2045 269 2093 non
301 2017 403 2093 illam
435 2016 560 2119 potius
592 1941 770 2117 suisrsgio
802 2041 871 2090 suo
902 2016 1126 2117 praeferret,
1172 2031 1317 2117 quern,

191 2120 330 2207 codex,
358 2119 423 2218 qui
441 2119 552 2192 toties
568 2118 706 2192 auxilio
723 2118 866 2209 fueret,
892 2119 1073 2218 cujusque
1085 2119 1317 2218 preestsn-f

119 2241 122 2254 ’
192 2221 282 2292 tium
303 2237 361 2294 tot
380 2219 557 2320 exemplis
580 2218 721 2319 experti
741 2238 916 2309 eremus,
949 2217 1136 2308 exhibent,
1174 2245 1317 2318 quam,

193 2318 294 2392 illam
320 2319 483 2392 omnium
511 2319 690 2408 eliorum,
726 2319 815 2394 lieet
837 2343 994 2391 numero
1019 2317 1207 2419 plurium,
1255 2347 1317 2414 so,

194 2420 312 2492 ferme
333 2420 431 2492 inter
454 2443 495 2490 se
511 2417 847 2506 consentientium,
876 2418 940 2516 qui
963 2418 1102 2516 ubique
1122 2419 1303 2518 pessime

102 2547 104 2563 ·
194 2519 313 2592 habiti
340 2517 452 2591 toties
486 2543 556 2590 nos
586 2516 830 2593 fefellerant?
867 2524 909 2593 In
931 2543 983 2591 eo
1014 2537 1140 2592 tamen
1174 2517 1317 2592 facile*

101 2615 106 2625 ’
195 2623 331 2717 Magno
347 2619 537 2693 Gronorio
560 2618 770 2710 adsentior,
789 2619 886 2692 mele
907 2641 984 2692 rem
1004 2619 1180 2719 gessisse,
1210 2622 1304 2718 qui-

184 2743 357 2818 ·eumque
379 2718 692 2817 superstitiosius,
719 2746 830 2821 quem
850 2721 924 2820 per·
942 2737 1019 2810 est,
1044 2720 1109 2792 uni
1128 2723 1317 2817 Megas-3

196 2820 276 2891 tino
310 2817 556 2908 adbaeserit„
581 2843 784 2920 omnesque
820 2825 900 2922 ejus
933 2819 1137 2907 lectiones,
1182 2822 1317 2906 nulio

198 2917 365 2992 adhibito
397 2917 568 3008 delectu,
604 2922 802 3022 receperit.
864 2919 1037 3022 Quemvis
1067 2921 1165 2992 enim
1201 2947 1317 3021 pau-p

198 3018 389 3105 cissimos,
433 3017 491 3090 vel
519 3018 644 3119 potius
678 3021 803 3094 nullos
834 3021 929 3094 Livii
961 3025 1102 3107 Mstos,
1141 3020 1177 3091 si
1222 3023 1317 3106 exi-r

197 3119 310 3190 mium
343 3117 447 3189 illam
478 3123 720 3211 Putesneum,
753 3121 946 3196 historiam
969 3119 1057 3193 belii
1076 3119 1214 3192 Punici
1242 3115 1317 3204 sse-j

198 3217 310 3290 eundi
341 3216 592 3292 continentem
605 3271 619 3310 ,
655 3221 904 3326 excipiamus,
946 3220 1061 3294 bodie
1082 3223 1317 3317 superesse]

198 3317 370 3405 oredsm,
413 3317 478 3415 qui
514 3319 733 3420 integriores
767 3322 817 3396 sd
847 3345 918 3394 nos
945 3335 1223 3422 pervenerunt,
1268 3325 1317 3410 et]

197 3418 282 3514 plus
303 3416 393 3487 boni
410 3417 515 3491 hirio
535 3421 777 3510 contulerint,
806 3449 917 3522 quam
935 3420 1176 3520 Moguntinus
1186 3447 1200 3512 3
1232 3422 1317 3492 im?

197 3543 258 3588 mo
279 3540 392 3588 unum
414 3516 517 3592 illurn
537 3521 620 3620 plus
641 3521 843 3621 profuisse,
871 3547 982 3621 quem
1004 3521 1170 3618 reliquos
1195 3523 1309 3620 ejus·

197 3617 280 3688 dem
304 3616 421 3715 partis
442 3619 572 3694 simule
610 3621 662 3694 ita
684 3639 806 3696 tamen
828 3622 1017 3708 existimo,
1045 3619 1168 3692 nullos
1193 3645 1317 3696 nuno

197 3715 534 3811 oodioes‘exstsre,
561 3722 650 3819 quin
673 3723 829 3812 alieubi,
854 3722 893 3794 hi
911 3721 1101 3841 pluribus,
1127 3717 1183 3792 iili
1206 3745 1307 3822 pau·

198 3815 364 3908 eioribus
387 3815 503 3914 loeis,¹
543 3822 826 3896 aberrantibus
853 3821 986 3895 scribis
1011 3819 1175 3893 librariis
1212 3849 1310 3892 cor-

85 3939 88 3952 ·
196 3916 317 4014 rupti,
349 3918 411 3991 ‘rel
444 3921 492 3994 ab
523 3920 607 3996 aliis
641 3922 768 3996 dedita
800 3947 916 4038 opera
944 3919 1160 4019 interpolati
1195 3921 1317 4010 sint,

197 4016 355 4118 ejusque
385 4017 482 4098 labis
512 4047 636 4131 nsque
666 4027 926 4125 Moguntmum
959 4021 1149 4096 inmunem
1184 4043 1282 4095 esse
1295 4051 1317 4130 ,N
