2638 4684
289 281 391 354 AD
446 283 897 361 LECTOREM.
1071 311 1159 360 am

77 525 233 582 moratam
258 507 473 607 Epistulam
501 508 636 610 recepi.
688 515 815 584 Exeo
849 527 978 610 patere
1003 509 1160 608 poterit,

75 609 270 704 sigonium,
306 609 403 680 lieet
424 609 491 682 itlo
512 627 677 709 tempore
700 637 739 684 ae
764 611 915 700 arnulfe,
953 625 1115 681 etreete
1137 636 1160 681 a
1249 622 1255 636 '
1301 611 1313 636 '

72 713 201 781 Faerno
226 709 505 808 reprehensum
529 709 621 796 effa,
655 709 765 784 fateri
788 710 971 796 noluerit,
1008 707 1080 780 niai
1101 735 1159 782 ee·

73 807 139 880 mel
160 827 325 898 nutum,
366 809 473 905 quod
496 807 561 882 lib.
579 833 670 884 mr.
692 803 781 912 caps
797 837 845 882 ιι.
869 811 898 904 d.
919 813 957 884 8.
986 812 1136 880 Sturum
1149 863 1159 900 ,

73 931 136 1008 pro
165 913 303 998 Turio,
347 907 546 1004 legendum
584 911 814 1006 conjecerit,
854 907 979 1009 postea
1013 925 1158 1004 tamen,

75 1033 180 1104 quum
210 1035 313 1082 anno
340 1013 553 1082 ototnnrn.
582 1009 733 1082 Scholia
763 1011 842 1108 ejus
872 1009 910 1080 in
933 1007 1075 1081 Litium
1099 1036 1157 1082 re·

71 1107 312 1194 cuderentur,
356 1105 513 1179 alteram
550 1107 665 1182 ferme
699 1127 847 1208 partam
869 1122 1037 1220 eorum,⁸
1062 1133 1158 1206 quae

68 1211 229 1280 Faernus
259 1206 373 1280 obelo
407 1225 577 1298 notaret,
613 1209 767 1280 tacitum
797 1207 855 1279 vel
890 1207 1061 1296 mutad'e,
1101 1209 1158 1284 vel

68 1308 236 1380 omiriffe.
312 1306 572 1384 Godeleveeua
614 1307 724 1394 dein,
775 1305 1011 1380 Francosurti
1058 1331 1157 1382 anuo
1208 1313 1254 1361 'r

70 1411 312 1480 ctatonmu.
343 1406 481 1475 Livium
504 1431 585 1478 oum
606 1407 770 1479 omnium
789 1409 994 1480 Doctorum
1016 1405 1156 1478 ineam

71 1507 352 1578 Conmentariis
374 1505 509 1591 edent,
542 1503 593 1575 iili
613 1506 788 1578 editionis
810 1505 1033 1604 rumpenti,
1061 1529 1156 1602 quae

69 1623 294 1676 memorator
321 1603 616 1678 Commentarios
644 1603 885 1692 continebat,
923 1603 1089 1702 praefixit
1107 1611 1185 1678 Bw

71 1703 233 1802 piliolum
254 1703 544 1790 dedicatoriam,
569 1703 693 1800 quasi
721 1703 809 1776 onio
834 1701 1053 1800 eruditionis
1076 1703 1157 1802 qui·

71 1804 148 1874 dem
169 1803 317 1876 laudern
341 1800 490 1886 tribuit,
519 1803 586 1874 aed
605 1729 719 1873 simod
732 1801 881 1899 objicit,
909 1803 1011 1900 quod
1029 1801 1156 1876 buma-

67 1903 194 1974 uiuri·
217 1901 357 1976 obiitus
386 1926 464 1974 non
490 1916 630 2000 tantum
654 1899 815 1998 indignit
835 1900 954 1974 modia
973 1899 1154 1976 inmeren-

67 2017 139 2072 tem
170 2001 395 2078 Glareanum
427 1999 620 2085 tractavit,
662 2001 771 2098 eique
809 2025 892 2074 tete
929 1997 1154 2074 defendendi

64 2103 316 2174 nereditatem
338 2097 527 2200 inposuit,
563 2123 685 2171 terum
707 2099 816 2173 etiam
839 2101 1066 2196 nonagentis
1088 2101 1153 2174 bo·

64 2201 202 2273 minem
221 2199 461 2274 Franciucam
481 2195 735 2272 Robortellum
758 2201 795 2272 in
816 2224 856 2273 aa
874 2200 1097 2292 concitavit,
1134 2227 1157 2272 a

64 2326 139 2398 quo
169 2301 322 2374 tandem
348 2299 537 2398 grevimea
566 2300 713 2398 aceepit
741 2300 892 2402 plagae,
935 2325 1046 2398 quam
1073 2299 1155 2372 aliia

62 2401 144 2498 ipse
165 2401 365 2474 inflixerat.
416 2403 612 2476 Praeterea
640 2397 680 2470 in
711 2400 782 2472 ban
807 2398 972 2472 editione
992 2398 1155 2472 Scholiie

64 2501 211 2598 Sigonii
240 2499 370 2602 passim
399 2499 476 2572 auia
504 2497 597 2572 loeis
628 2497 782 2574 inseruit
812 2498 988 2574 Glareani
1018 2497 1155 2572 Defen-

65 2601 193 2672 eionet
205 2653 217 2688 ,
246 2625 415 2696 magnam
439 2615 580 2696 partem
600 2597 753 2698 abipso
772 2623 816 2670 er
832 2597 1042 2672 Robortelli
1064 2599 1156 2672 aeri·

65 2701 137 2798 ptis
157 2699 359 2787 conectat,
395 2698 483 2786 aed,
523 2698 698 2801 quamdiu
718 2697 826 2786 vixit,
853 2697 1048 2796 diligenter
1069 2723 1154 2798 eup-

66 2801 223 2900 predas,
256 2825 348 2898 quas
374 2798 523 2895 quidem
547 2797 802 2898 typographos
824 2795 1155 2872 Fraueosurtenaee

67 2903 174 2976 aJo.
203 2899 402 2999 Aegoipbo
436 2921 459 2970 a
491 2897 752 2996 linoeringen,
788 2897 981 2970 Eccleaiao
1010 2899 1154 2974 Wirze·

60 2997 259 3100 burgensis
284 3021 429 3072 summo
455 2995 702 3088 Scholastica,
737 2995 970 3093 Augustenae
993 3013 1029 3076 et
1048 2997 1154 3073 Eira·

58 3103 186 3176 oensis
211 3099 427 3186 canonico,
465 3097 664 3197 aceepiffe,
699 3115 737 3170 et
761 3097 882 3196 ipsum
909 3097 1153 3185 Glareanum,
1184 3103 1189 3110 '

60 3202 125 3300 qui
149 3227 252 3274 anno
273 3202 490 3273 ntolonrm.
505 3222 632 3286 ,aunon
651 3223 747 3270 nm.
772 3213 880 3282 natue
903 3196 1011 3288 obiit,
1036 3219 1155 3276 morte

58 3319 303 3402 praeventum
324 3297 517 3398 publicare
538 3321 614 3370 non
635 3295 790 3396 potuilie
812 3295 981 3388 testatur3
1010 3303 1077 3376 aed
1094 3328 1154 3374 ve·

59 3401 249 3476 ritimiliua
272 3399 345 3489 est,
381 3423 460 3470 non
486 3421 532 3472 eo
560 3397 685 3469 animo
706 3395 930 3471 Glareanum
961 3397 1043 3479 illae
1071 3427 1172 3474 cor·.

63 3503 210 3592 raeifla,
245 3519 287 3576 ut
319 3521 497 3596 umquam
531 3497 570 3570 in
599 3495 789 3598 publicum
823 3497 1154 3596 protruderentur,

65 3619 100 3673 tt
124 3619 381 3676 tenetentum
399 3597 598 3686 memoriae
623 3595 742 3671 cauli'a
764 3597 918 3692 margini
937 3601 1155 3700 exemplaria

66 3704 151 3776 hirii
182 3699 382 3800 Sigoniani
414 3695 674 3796 adaeripaiffe.'
723 3699 806 3772 Hoo
839 3697 1065 3774 Godelevaei
1099 3701 1154 3772 in·

69 3824 202 3902 ceptum
226 3801 395 3902 graviter
417 3795 501 3870 tulit
521 3797 718 3896 Sigonius,
758 3797 872 3896 idque
895 3796 1153 3897 iniquiffimum

69 3905 128 3978 elie
143 3902 339 4003 judicavit,
379 3896 446 3970 illa
470 3899 591 3972 denuo
615 3923 659 3971 ex
679 3895 887 3972 Robortelli
910 3899 982 3973 aori
1013 3898 1059 3974 tia
1082 3903 1150 3974 ob·

68 4004 135 4100 jioi,
169 4007 308 4106 quibua
335 3999 482 4072 dudum
501 3997 551 4072 ita
571 3999 838 4098 responderat,
875 3926 1058 4096 utpobea
1083 4023 1148 4074 au·

67 4125 147 4206 tter,
180 4133 281 4216 quae
298 4101 524 4208 objecerat,
558 4095 750 4194 deterere,
784 4122 894 4202 quatu
916 4098 1088 4178 adversus
1112 4125 1153 4178 aa
1183 4191 1189 4206 .
