2638 4684
268 321 359 394 An
409 321 856 396 LECTOREM.
1036 343 1173 396 extit·

78 547 177 622 uliliu
195 547 331 623 Jrcobo
359 533 517 622 mutetis
542 551 774 638 restituione,
808 548 921 622 modo
949 549 1006 624 rel
1036 571 1135 636 sues,

72 649 123 720 rel
139 647 414 738 Gronoriorum,
452 649 509 722 rel
532 649 688 724 eliorum
713 650 950 750 conjectores
973 647 1137 750 recepis-

73 774 125 832 se,
148 771 254 844 esque
273 749 399 819 omnio
419 773 497 820 nun
520 749 661 822 monito
680 749 844 838 lecture,
870 769 1001 824 contre
1024 773 1137 849 quum

73 873 110 921 se
140 871 272 946 semper
307 846 444 921 iecisse
483 849 660 948 eudecter
700 849 921 924 edlirmoret.
985 849 1044 925 Ab
1078 849 1137 923 hit

73 947 238 1044 scopulis,
272 947 336 1048 qui
367 947 404 1018 iu
435 947 598 1020 editione
625 948 758 1023 Clerici
791 947 846 1019 rel
874 948 1001 1050 pulum¹
1022 966 1139 1021 erste-

71 1045 169 1134 ltent,
200 1044 255 1118 rel
286 1045 432 1120 occulte
461 1045 648 1136 latebunt,
683 1065 722 1120 ut
745 1045 833 1122 milti
856 1047 1011 1150 provide
1034 1073 1140 1122 cere-

70 1171 156 1232 rem,
177 1171 220 1218 eo
240 1143 450 1244 diligentius
472 1173 516 1220 sc
535 1148 666 1248 majori
686 1173 776 1221 curu
795 1147 841 1222 ud
862 1148 1010 1221 minimo
1029 1174 1141 1250 quae·

72 1271 138 1343 que
154 1244 322 1336 adtendi,
359 1265 397 1320 et
422 1246 562 1346 ingenti
590 1247 771 1346 ejusmodi
795 1248 1011 1321 mendorum
1036 1274 1140 1321 eccr·

73 1369 115 1415 ro
135 1345 259 1418 bivium
285 1343 452 1429 libereti-
502 1349 598 1422 Num
621 1349 744 1420 omnio
768 1347 827 1420 illu
852 1349 987 1448 ejicere
1008 1367 1143 1444 potue·

76 1446 161 1532 rim,
195 1449 369 1518 Lectores
402 1447 527 1548 potine
556 1447 747 1544 judicare,
788 1475 898 1546 quem
932 1450 1051 1550 ipsum
1085 1447 1149 1524 me'

78 1543 275 1642 praedicere
299 1547 411 1620 melo.
462 1553 506 1622 lu
527 1547 769 1624 recensendis
798 1565 919 1621 eutem
943 1549 1036 1622 Livii
1064 1563 1146 1622 ter·

80 1643 124 1714 bis
141 1670 207 1716 non
233 1647 401 1720 eumdem
419 1645 584 1721 omnium
608 1648 782 1721 codicum
805 1647 987 1722 rationem
1007 1647 1168 1744 hebuit.

77 1744 147 1832 sed,
176 1747 488 1844 quemadmodum
514 1771 671 1846 acquum
703 1771 785 1822 esee
809 1747 1083 1838 existimabam,
1107 1749 1147 1822 iu

73 1845 184 1944 primis
218 1845 349 1919 decem
381 1847 488 1922 libris
515 1848 747 1965 potissimum
778 1847 919 1922 credidi
948 1848 1004 1921 rel
1030 1848 1147 1921 Medi·

72 1969 145 2028 ceo,
180 1944 240 2017 rel
271 1945 444 2022 Leidcoei
477 1959 634 2048 primo,
670 1947 727 2041 rel
754 1951 822 2021 Ilru
888 1965 975 2021 ento
1007 1951 1148 2066 llorer-

71 2043 1151 2248 llll„{2¹2,l¹,”ll¹,l':⁰,l'l'l?tllllllsslllsslit

69 2245 300 2333 memorarit,
341 2245 397 2318 rel
427 2243 621 2336 Mediceo,
660 2247 718 2318 rel
751 2247 1065 2348 cantabrigiensis
1111 2245 1152 2320 iu

69 2343 183 2416 decem
249 2346 399 2421 roximie
430 2345 535 2421 libris
565 2346 773 2444 Mogontini
806 2349 1012 2450 excerptis,
1054 2372 1152 2446 quse

68 2443 115 2514 rel
144 2371 399 2536 Carduchiue,
437 2445 494 2519 rel
523 2445 702 2522 Gelenius
735 2445 936 2522 dederunte
975 2448 1012 2519 in
1044 2447 1153 2546 quio·

68 2569 130 2642 que
149 2545 293 2666 ultimis
302 2597 314 2632 ,
351 2545 613 2667 ‘1¹¹³.⁵¹¹l¹¹¹¹⁰
637 2545 788 2666 codice,
817 2567 1084 2664 praeterquam
1108 2571 1154 2616 ex

67 2645 1154 2864 ffllrtztllrl‘llffill'ssl’llll‘,illnl’f‘ffltff

68 2843 123 2914 tim
153 2846 232 2920 Viri
255 2844 371 2920 Docti
397 2845 608 2942 jamdudum
632 2865 879 2934 monuerunt,
914 2845 1050 2946 purtim
1073 2867 1155 2946 ipse

66 2939 220 3042 longiori
251 2971 324 3020 usu
353 2963 523 3048 expertus
547 2953 639 3019 euin.
689 2943 764 3020 Ubi
790 2969 876 3018 tero
899 2947 937 3022 hi
963 2943 1071 3046 primi
1093 2970 1154 3016 or·
1250 2943 1255 2950 ’

67 3041 155 3116 dinis
189 3061 230 3117 et
267 3046 429 3120 omnium
466 3045 539 3120 lide
572 3045 778 3144 dignissimi
811 3061 929 3140 testes¹
960 3061 1023 3119 cut
1053 3063 1154 3117 tece·

64 3139 166 3234 bant,
204 3163 275 3219 uut
303 3145 397 3218 nihil
426 3147 624 3246 jurabunt,
665 3163 728 3218 out
759 3163 886 3246 operte
914 3145 1083 3218 mendosi
1116 3169 1155 3215 c·

65 3261 161 3332 runt,
200 3245 323 3340 (nem
360 3271 407 3318 ne
448 3247 606 3348 optimos
643 3244 791 3344 quidem
820 3240 876 3318 'sb
913 3245 1015 3318 omni
1048 3261 1154 3346 porte

64 3343 252 3442 perlectos
283 3369 390 3438 esee,
423 3364 460 3419 et
487 3346 562 3418 suis
593 3347 703 3418 etiem
732 3346 857 3417 oneris
881 3343 1064 3416 interdum
1087 3339 1155 3414 ob·

65 3443 193 3531 sideri,
229 3445 366 3518 mirum
387 3445 502 3520 rideri
526 3447 677 3544 nequit,
713 3468 823 3543 quum
848 3444 917 3546 ipsi
941 3443 1051 3516 etiem
1075 3441 1157 3516 Soli

65 3543 224 3618 maculer
253 3543 382 3618 inesse
408 3545 568 3620 homene
601 3534 783 3617 industrie
816 3543 1014 3636 detexerit)
1045 3542 1159 3616 etiem

65 3643 228 3740 reliquos
252 3645 405 3720 codices
429 3663 466 3719 et
485 3646 623 3748 primes
644 3639 850 3734 editiones,
878 3668 974 3816 (gae
994 3668 1038 3715 er
1054 3635 1159 3718 Mstis

67 3761 289 3841 procuratae
322 3743 491 3818 codicum
526 3745 643 3822 instar
674 3759 803 3833 mont,
839 3771 884 3818 su
915 3742 1159 3832 'cndoevesee

69 3845 203 3918 censui.
255 3851 302 3917 ln
329 3843 572 3934 lectionibus,
599 3838 762 3946 expr'ello
781 3842 1056 3938 Gronoviorurn
1079 3835 1175 3940 inf&
1233 3861 1248 3900 t

69 3939 184 4040 fregio
224 3941 429 4043 probetis,
465 3944 587 4046 potius
628 3941 815 4018 uerrendis
854 3941 1158 4044 superstitiosus,

72 4067 174 4142 quem
204 4040 409 4144 ejiciendis
436 4045 551 4126 sudor
580 4061 619 4140 et
648 4043 866 4120 temerarius
894 4041 1010 4119 rideri
1035 4037 1157 4116 malui.
