2638 4684
56 327 59 342 ·
173 331 241 384 aa.
491 245 961 380 anser-arro

172 549 256 626 cap.
275 553 370 600 mv.
424 532 562 605 Verum
590 527 689 628 apud
707 527 847 600 Livium
869 527 1035 602 nondum
1058 527 1279 616 observari,¹

172 626 263 699 licet
282 627 382 700 mille
402 654 447 702 ac
469 628 568 702 mille
586 627 680 700 locis
703 627 1041 702 commodissimam
1064 625 1272 700 edbibcndl

173 724 413 802 bocasiouem
443 726 624 800 babuerit.
680 725 770 826 lnde
790 753 849 798 me
871 728 1118 802 verisimiliter
1143 725 1281 799 effice-²

172 851 215 899 ra
239 851 349 925 posse
373 827 642 915 existimabam,
679 831 961 924 Fragmentum,
999 831 1104 926 cujus
1135 840 1272 898 auctor

174 926 359 1000 vocabulo
382 930 455 1000 hoc
479 953 568 1004 uene
586 944 644 1000 est
656 979 667 1015 ,
700 925 748 998 ad
770 926 909 1019 binium
931 927 1173 1000 referendum
1196 948 1280 996 non·

175 1049 271 1098 csse.
308 1030 362 1098 Fr
385 1051 476 1101 soce
498 1045 620 1100 autem
639 1040 914 1116 nocumentum,
939 1053 1046 1127 quae,
1071 1026 1165 1099 licet
1183 1048 1289 1140 ana-g

174 1123 297 1223 logice
317 1123 501 1215 formata,
529 1123 629 1227 apud
652 1125 797 1197 nullum·
813 1144 937 1199 tamen
960 1127 1181 1228 scriptorem
1206 1123 1290 1208 obm

174 1224 234 1296 ria
253 1242 331 1312 cst,
356 1243 531 1300 constare
552 1223 748 1326 putabam,
778 1227 988 1324 Fragmenti
1009 1242 1203 1299 auctorem
1227 1247 1291 1296 eol

174 1339 343 1426 tempore
363 1325 517 1412 vixisse,
554 1349 630 1424 quo
651 1324 777 1421 lingua
796 1330 928 1400 Latina
949 1351 1024 1400 non
1047 1325 1208 1426 amplius
1233 1323 1272 1394 in
1291 1350 1292 1373 ¹

174 1426 362 1498 communi
383 1427 574 1499 bominum
600 1448 671 1498 nau
697 1441 798 1515 eret,
831 1451 991 1524 eumque
1013 1451 1140 1500 rocem
1169 1422 1293 1494 illam*

174 1524 332 1598 finiisse.
383 1526 482 1598 Hinc
507 1525 546 1597 in
569 1523 784 1597 memoriam
804 1549 1003 1612 revocans,
1032 1524 1294 1620 Leonardum‘

79 1637 89 1658 ¹
172 1623 367 1698 Arretinum
395 1624 545 1724 Polybii
578 1623 715 1697 bellum
742 1625 921 1698 Punicum
953 1626 1110 1726 primurn
1138 1624 1295 1696 Latina*

172 1723 457 1825 interpretatum
490 1749 574 1798 csse
587 1777 599 1814 ,
642 1741 679 1798 et
716 1724 865 1823 quidem
901 1751 947 1798 eo
982 1725 1166 1812 consilio,
1206 1739 1246 1793 ut
1257 1771 1270 1810 ,

173 1824 485 1922 quemadmodum
507 1825 588 1926 ipse
610 1841 789 1912 testetur,
814 1826 927 1916 nihil,
954 1825 1057 1924 quod
1080 1849 1158 1897 nen
1180 1847 1268 1922 pro·

171 1921 299 1998 betam
321 1947 343 1996 e
364 1924 620 2026 superioribus
637 1941 754 2013 esset,
783 1926 888 2026 operi
912 1951 980 2000 auo
1003 1926 1209 2010 insereret,
1234 1937 1270 1994 et

172 2039 298 2097 temen
325 2033 403 2096 non
434 2025 482 2097 ab
512 2051 588 2099 nnc
617 2041 800 2113 sumeret,
837 2043 878 2098 ut
910 2025 1115 2125 interpres,
1154 2022 1269 2096 seda

171 2123 298 2198 multis
329 2141 451 2198 sumta
480 2148 550 2198 auo
580 2124 761 2198 arbitrato
793 2124 971 2212 referret,
1009 2129 1266 2222 Fragmentum

172 2222 273 2296 forte
303 2223 523 2324 particulam
554 2227 633 2324 ejus
665 2223 846 2298 versionis
878 2249 961 2300 esee
988 2223 1148 2324 conjeci.
1208 2219 1268 2293 Li·

172 2321 281 2396 bram
307 2323 419 2422 igitur
444 2323 545 2398 deta
583 2325 676 2397 rime
698 2326 901 2398 occasione
929 2325 1103 2398 erolrene
1132 2320 1264 2408 didici,

83 2427 124 2498 ἵ
172 2447 233 2496 me
254 2447 332 2496 rem
355 2449 425 2498 acu
444 2351 598 2524 tetigiffe
608 2477 620 2513 ,
654 2441 694 2497 et
711 2423 849 2497 ibidem
870 2425 1027 2528 reperiri
1046 2423 1111 2496 sol.
1129 2423 1169 2497 3.
1190 2443 1268 2493 rer·

53 2577 58 2586 ,
90 2529 94 2536 ’
173 2546 231 2596 ao.
283 2523 412 2596 Postea
431 2525 628 2625 plurimum
653 2524 800 2622 gavisus
822 2549 924 2612 sum,
953 2551 1065 2626 quum
1086 2549 1130 2595 ex
1149 2520 1268 2594 Hillo·

66 2632 72 2642 '
173 2621 231 2694 ria
256 2623 481 2698 Academiae
507 2625 818 2725 Inscriptionum,
852 2627 959 2723 cujus
988 2641 1131 2725 partem
1159 2620 1267 2721 quin·

174 2739 249 2796 tam
282 2722 430 2798 demum
463 2724 599 2800 abhinc
630 2723 948 2824 quinquennium„
991 2741 1194 2823 postquam
1228 2719 1266 2790 in

173 2821 303 2920 Belgio
326 2847 462 2898 recusa
483 2843 584 2912 erat,
611 2824 770 2926 perlegi,
798 2825 983 2913 videram,
1005 2823 1172 2896 eamdem
1193 2818 1267 2892 ler-

174 2946 234 2994 me
254 2925 476 2998 sententiam
493 2923 732 3024 Amplissimo
753 2923 805 2995 illi
825 2923 1131 2998 Academicorum
1145 2918 1267 2995 Colle·

173 3021 236 3193 gio
258 3019 467 3122 placuisse,
505 3049 708 3123 eorumque
735 3025 887 3096 nomina
909 3024 1174 3096 Doctissimum
1194 3018 1268 3093 Ab·

202 3135 298 3194 etam
311 3125 488 3224 Soucbay
506 3123 795 3222 pronunciasse,
822 3127 1079 3219 Fragmentum
1099 3119 1191 3193 illud
1213 3143 1269 3190 es·

175 3244 216 3293 ae
241 3243 262 3292 c
290 3221 453 3313 itomen,
488 3224 537 3299 ad
561 3221 710 3316 verbum
732 3247 947 3322 expressam
970 3218 1268 3322 Praeparetionie

174 3246 407 3418 Polybianee
437 3324 655 3398 reraioncm.
718 3325 770 3398 Ut
793 3323 906 3420 igitur
935 3320 1108 3394 omnibus
1134 3317 1270 3392 deinde

27 3427 28 3430 ’
174 3436 389 3511 constaret,
420 3423 648 3498 sententiam
664 3423 780 3509 banc,
816 3447 944 3494 eorum
967 3422 1117 3494 nominc
1139 3421 1269 3504 latam,

29 3599 30 3604 ,
174 3543 299 3594 reram
322 3547 425 3612 ease,
459 3542 496 3598 et
523 3523 652 3611 simul,
687 3521 790 3620 quod
814 3521 964 3610 addidi,
1000 3521 1206 3594 versionem
1230 3516 1271 3587 il·

176 3618 271 3708 lam,
304 3624 411 3719 cujus
432 3631 692 3722 Fragmentum
722 3647 812 3723 pera
844 3619 920 3710 cll,
958 3621 1006 3694 ed
1036 3619 1269 3692 beocardum

176 3719 368 3795 Aretinum
390 3723 625 3799 ralercudem
644 3745 738 3810 esee,
766 3747 876 3794 unam
898 3737 1012 3819 atque
1033 3720 1185 3792 alteram
1205 3741 1268 3817 pa·

32 3913 33 3924 ἵ
177 3819 309 3916 gellam
333 3823 489 3924 Syllabo
517 3821 803 3925 praecipuarum
827 3821 921 3893 hirii
949 3820 1153 3893 editionum
1183 3817 1269 3890 sub·

177 3921 301 4018 junxi,
333 3923 468 4023 quibua
488 3929 745 4022 Fragmentum
766 3920 1013 3994 llloclaienum
1039 3923 1195 4019 ejusque
1218 3915 1267 3988 le·

177 4021 249 4096 teri
270 4024 436 4122 junctam
452 4023 698 4127 Polybiauim
715 4020 859 4098 Aranni
881 4022 1088 4098 versionem
1109 4015 1268 4104 exhibui.
