2726 4676
346 241 449 316 AD
504 246 959 322 LECTOREM.
1123 271 1215 322 urit

116 396 611 430 -————-—-«-—

111 466 247 542 luuntne
267 471 474 544 amicitiae
494 473 655 545 vinculis
679 473 764 546 mihi
785 475 1120 572 conjunctillimuee
1149 475 1228 574 qui·

111 571 146 640 in
159 569 403 644 Praelatione
427 573 579 660 addite,
608 573 723 646 literis
745 575 817 646 illie
836 579 1012 646 iacobum
1029 579 1215 668 Capellam

115 677 356 742 Parisienrem
371 677 478 742 luris
494 679 709 746 Contulturn
726 685 923 748 Auctorem
941 677 1109 764 indicari,
1129 705 1216 780 pro·

114 771 224 843 babili
245 773 480 868 conjecture
499 775 729 874 suspicatur,
764 795 819 864 et,
858 777 948 876 quid
979 777 1025 849 do
1051 781 1215 852 omnium

115 895 239 944 eorum
256 873 419 970 seriptis
441 875 676 946 sentiendum
697 878 762 964 eit,
787 895 864 950 tum
887 876 1045 967 ibidem,
1071 897 1148 952 tum
1169 878 1218 952 ed

114 973 256 1070 singula
279 973 402 1045 ferme
426 976 553 1072 cupito
574 975 740 1047 ostendit.

183 1076 308 1170 Quum
342 1073 517 1146 nondum
546 1101 591 1146 ex
616 1103 732 1173 regno
757 1077 941 1176 Alphonsi
965 1075 1217 1174 Neapolitano

110 1171 315 1268 nigrnllot,
351 1173 476 1244 edidit
499 1173 617 1248 librae
642 1194 715 1248 tres
739 1177 1218 1275 Dialecticneumuioputn·

111 1271 267 1360 tionum,
295 1298 400 1370 quon
420 1280 887 1364 librosltepaetiaationum
911 1297 1020 1352 vocnt
1037 1283 1215 1350 Annotnt.

110 1372 152 1442 in
172 1378 298 1445 Error.
324 1375 489 1446 Antonii
511 1378 722 1450 llnudcaeis
747 1405 831 1476 pag.
851 1379 937 1452 (ao.
989 1383 1093 1478 Quae
1119 1375 1218 1448 enirn

107 1497 148 1542 oe
168 1472 268 1545 libro
290 1472 648 1572 Repellinntionum
672 1479 793 1576 primo
819 1477 981 1550 doouille
1005 1477 1143 1549 ibidem
1162 1494 1218 1548 to·

107 1570 236 1648 statur,
262 1573 514 1662 reperiuntur
529 1575 595 1649 lib.
612 1605 639 1650 ι.
658 1579 970 1679 Dialeot.unp.1r.
1024 1579 1132 1652 Certe
1150 1599 1217 1647 eon
1330 1602 1333 1615 ·

101 1662 184 1758 jera
205 1687 505 1762 compowrnt.
533 1677 785 1756 anurn'libroo
803 1677 1079 1772 Elegantiorum
1101 1675 1140 1746 ia
1162 1673 1219 1748 lu·

101 1787 192 1832 cem
214 1764 435 1854 eutitium
461 1783 586 1830 terum
608 1755 729 1830 adhuc
752 1777 945 1854 ptem-ime
995 1776 1035 1829 ln
1057 1766 1206 1828 Praetu

100 1857 209 1932 enim
231 1856 399 1929 libriin.
423 1859 598 1954 Elegant.
618 1856 787 1942 testatur,
815 1879 851 1924 se
876 1863 910 1925 in
934 1861 1035 1927 libris
1061 1859 1104 1924 de
1126 1861 1220 1924 Dia·

98 1962 237 2026 lectica
263 1957 485 2042 ostendere,
519 1962 563 2026 ob
587 1961 652 2024 hoo
675 1964 842 2024 monime
862 1959 1101 2046 Philosophus
1120 1981 1220 2024 erra·

100 2083 144 2126 re
157 2111 169 2145 ,
192 2061 297 2148 quod
319 2060 498 2146 loquendi
515 2061 700 2140 facultate
719 2069 929 2144 caruerunt,
958 2082 1087 2142 conane
1109 2061 1219 2126 librae

99 2181 146 2228 ee
160 2163 248 2242 jam
270 2162 470 2228 editurum
483 2163 621 2244 fuisse,
647 2163 716 2226 nisi
736 2163 846 2227 amici
866 2163 1081 2250 Elegantius
1097 2163 1218 2244 potius

93 2263 214 2328 edere
238 2266 463 2352 coegissent.
516 2260 676 2330 Eosdem
706 2275 848 2346 tumea,
878 2259 979 2354 quad
1003 2275 1080 2328 tum
1103 2256 1219 2327 distu-

93 2359 171 2444 lit,
204 2359 341 2459 paullo
364 2356 466 2455 post,
496 2376 694 2454 antequam
714 2358 874 2458 Neapoli
894 2357 1121 2442 discederet,
1149 2380 1219 2453 pu·

94 2459 276 2532 hlicnrit.
345 2461 586 2554 Numquam
615 2457 652 2528 in
680 2457 726 2530 iio
755 2459 884 2530 decern
913 2456 1219 2530 l’rnedicnmentn

96 2561 209 2648 eive,
248 2576 294 2630 nt
317 2555 573 2656 Quintilianus
604 2575 738 2644 vocnt,
775 2557 903 2630 decem
938 2557 1124 2630 Elementa
1152 2579 1218 2626 ne·

97 2661 247 2758 gellen,
286 2675 330 2730 et
359 2657 410 2730 nd
438 2657 512 2730 trin
541 2657 751 2753 redegillet‚
788 2659 824 2730 id
850 2656 883 2727 ei
910 2655 1068 2755 Neapoli
1094 2655 1218 2728 adhue

102 2759 266 2857 degenti
289 2759 397 2830 inter
419 2757 493 2830 elin
516 2757 563 2830 ab
577 2757 799 2855 ,lnquifitore
822 2755 1032 2828 haereticae
1056 2755 1217 2856 pruritu·

98 2859 154 2932 tio
178 2857 340 2932 crimini
367 2857 497 2930 datum
519 2858 582 2932 est.
639 2858 732 2932 Vidn
760 2857 855 2933 Voll.
880 2856 943 2929 lib.
960 2855 1147 2928 innatid.
1176 2853 1215 2924 in

102 2959 297 3058 Poggium
318 2983 409 3055 pag.
422 2957 506 3031 361.
559 2962 754 3033 Praeterea
773 2984 885 3056 quum
899 2954 1033 3028 Fnoius
1052 2953 1214 3056 objecis-

104 3079 188 3146 set,
226 3058 340 3131 tibris
371 3057 642 3130 deDinlecticn
668 3065 774 3148 plura
796 3083 904 3145 prope
932 3061 1211 3140 enatantem,
1299 3097 1305 3106 ·

105 3185 228 3252 quara
259 3163 395 3246 uerba,
428 3155 464 3228 ei
489 3157 718 3256 respondean
744 3157 849 3234 Velle
877 3156 975 3229 idem
999 3153 1066 3227 sibi
1090 3152 1214 3226 cunti-

106 3262 198 3358 gitta
220 3259 412 3360 gloriatus
431 3257 500 3345 est,
527 3257 629 3354 qnod
650 3259 774 3330 Livio:
808 3260 915 3352 cnjue
934 3255 1044 3331 nnius
1066 3251 1213 3328 ridendi

110 3361 236 3434 neuile
254 3357 472 3435 Gaditanus
491 3382 537 3430 ex
558 3357 694 3432 ultimis
714 3357 975 3456 Hispaniarum
990 3353 1214 3428 finibueRo·

110 3487 208 3534 mem
231 3475 399 3534 venerut.
454 3456 635 3536 Similiter
657 3458 754 3530 enirn
774 3485 818 3527 er·
841 3461 928 3528 urbe
948 3461 1113 3526 Ferraria
1137 3477 1215 3544 per·

115 3565 263 3634 doctum
288 3561 499 3653 quemdam
525 3561 710 3647 ll‘eapalim
724 3611 737 3648 ‚
773 3584 842 3628 nan
865 3562 1017 3650 regionis
1043 3581 1086 3626 en·
1116 3559 1215 3624 omni

114 3670 193 3736 orbe
213 3655 407 3736 terrorum
428 3665 728 3746 amoenissimae,
753 3684 821 3730 non
839 3664 939 3728 urbis
951 3661 1216 3738 celeberrimae,

111 3791 175 3838 non
202 3771 318 3860 Regis
350 3766 627 3849 inlustrissimi,
663 3763 727 3830 sed
756 3763 899 3830 uidendi
927 3773 961 3830 et
990 3757 1215 3844 adloquendi

108 3875 296 3960 Laurentii
317 3871 452 3959 gratio
477 3868 635 3948 uenisse,
663 3885 776 3952 quum
806 3871 949 3948 propter
978 3865 1053 3928 alia
1086 3881 1215 3944 opera,

105 3963 1213 4062 tumprnpterlroeipeoeDialectioaeetPhilosophiaelibroe.
1277 3969 1287 3988 ⁸

103 4074 186 4152 lide
200 4071 359 4152 vallam
377 4065 449 4144 lib.
463 4089 515 4138 rr.
529 4063 687 4137 lleurim.
703 4063 740 4136 in
753 4062 913 4136 Facium.
929 4085 1015 4160 pag.
1029 4058 1113 4134 625.
