2726 4676
167 260 234 311 m
443 197 936 310 ‘r'aa'uaa'rto

141 486 142 492 ¹
166 459 285 558 ligone
309 459 447 544 Valla,
465 457 553 560 poll
576 458 696 534 variae
719 457 999 544 altereationes,
1036 457 1150 528 modo
1168 481 1270 529 curn

166 560 248 648 solo
269 560 501 650 Panormita,
523 561 564 630 in
589 585 741 658 quarum
765 559 1002 630 una·Fecium
1026 565 1269 629 minutorum

166 665 455 730 minutissimum
484 660 645 747 dixerat,
684 658 796 730 modo
821 681 903 730 cum
928 659 1119 754 eodem-et
1139 658 1269 744 Facio

167 777 288 844 ortae,
315 762 535 847 auctoritate
555 761 658 858 regia
677 758 908 830 adversarios
928 757 1062 854 adegit,
1089 774 1131 828 ut
1147 763 1282 828 suum'

167 859 238 932 sibi
257 858 390 931 librum
412 859 655 932 restituerent.
708 859 804 930 lline
830 857 1029 947 admodum
1053 859 1267 930 exacerba—
1338 899 1339 906 κ

155 965 224 1030 'tua
240 961 372 1032 Pacius
392 985 559 1050 errores,
593 983 686 1059 qnos
707 949 897 1032 ex‘Vallae
914 955 1072 1028 historiis
1091 957 1266 1052 college-

167 1077 257 1144 rat,
270 1059 309 1130 in
329 1058 444 1130 libros
465 1058 622 1158 digeffit,
651 1083 794 1154 suoque
817 1057 924 1129 unius
945 1057 1094 1128 nomine
1110 1052 1265 1147 edidit,

167 1157 296 1230 sedulo
322 1165 443 1231 teman
468 1184 620 1248 cavens,
655 1183 702 1228 ne
722 1157 865 1228 illorum
888 1156 1073 1256 exemplar
1091 1159 1265 1256 Neapoli

166 1258 415 1359 reperiretis,
442 1257 478 1328 in
499 1285 608 1356 quem
628 1258 844 1355 scripseram
873 1257 936 1354 qui
956 1257 1160 1330 id'taudcm
1175 1267 1266 1328 ilo-

58 1435 59 1440 ,
165 1383 244 1445 me,
283 1383 325 1430 er
347 1359 420 1429 alio
440 1359 488 1429 ad
506 1361 681 1456 Poggium
704 1347 805 1428 niill'o
829 1358 1076 1458 descriptum,
1114 1357 1264 1427 amico-

165 1485 247 1540 rum
269 1483 384 1557 opera
407 1461 562 1558 accepit.
620 1457 712 1532 Vide
729 1456 874 1532 Vallem
896 1457 959 1530 lib.
981 1479 1012 1528 1.
1034 1457 1192 1528 Recrim.
1215 1457 1260 1527 in

165 1557 315 1630 Faciam
341 1566 529 1656 pag-‚lbi
560 1576 597 1630 et
616 1583 719 1655 seqq.
760 1561 817 1628 Eo
840 1558 981 1656 potitus
1005 1573 1164 1654 quatuor
1185 1555 1265 1655 ipli

168 1658 444 1745 invectivarum,
471 1657 546 1729 sire
560 1655 913 1731 Recriminationum
929 1657 1045 1728 libros
1063 1681 1112 1756 op
1142 1657 1249 1728 osuit

166 1757 286 1856 Quum
306 1775 428 1829 autem
447 1783 512 1830 eos
532 1781 762 1857 componens
780 1757 939 1840 videret,
965 1756 1079 1827 multe
1095 1681 1165 1826 sibi
1185 1756 1266 1827 ob-

97 1923 104 1940 ,
165 1857 230 1953 jici
241 1909 252 1942 ,
274 1881 372 1954 quae
392 1858 548 1956 Papiae,
571 1858 780 1940 Florentiae
800 1874 837 1928 et
855 1858 1005 1954 Caietae
1024 1855 1259 1944 acciderant,

79 2023 81 2028 ,
167 1973 204 2026 et
228 1956 300 2030 soli
318 1959 482 2030 Antonin
505 1958 739 2030 Panormitae
761 1975 851 2028 nota
875 1975 998 2040 erant,
1026 1954 1177 2054 abipso
1196 1975 1258 2026 et·

49 2131 52 2136 ,
168 2054 240 2125 iam
259 2058 350 2128 haec
368 2057 480 2132 Facio
502 2058 667 2154 suggesta
687 2057 803 2143 luill'e,
829 2075 962 2156 sponte
981 2057 1257 2127 animadvertit.

163 2142 263 2229 'Vide
288 2156 352 2228 lib.
370 2183 417 2228 rr⁴
437 2157 596 2246 Reerim.
616 2158 652 2228 in
672 2159 819 2229 Faciam
839 2183 922 2256 pag.
941 2157 1024 2229 ono.
1059 2155 1195 2226 Hauci
1228 2158 1262 2225 i·
1300 2153 1306 2160 “

169 2272 228 2326 tur
252 2256 300 2326 ob
325 2255 482 2328 caulium
505 2257 584 2354 ejus
607 2259 716 2329 etiam
737 2281 871 2327 nomen
895 2255 979 2327 libri
1003 2252 1119 2326 ultimi
1140 2181 1258 2326 titulo

67 2363 73 2448 J
170 2355 326 2450 adjecit,
359 2373 515 2456 totoque
535 2381 649 2456 opere
668 2355 848 2458 proleffus
866 2337 1007 2443 elisee
1032 2379 1110 2426 non
1137 2347 1259 2426 unum

168 2457 338 2543 Faciam,
371 2456 437 2535 sed
465 2457 573 2528 simul
599 2457 707 2529 etiam
735 2457 874 2530 aucium
892 2454 1164 2538 Panormitam,
1192 2479 1261 2525 re-

169 2553 307 2625 fellere.
359 2559 438 2626 Hae
462 2575 548 2630 suut
573 2564 763 2628 aculeatae
787 2561 1092 2646 scriptiunculae,
1120 2554 1260 2652 quibus
1338 2553 1339 2584 ³

169 2653 313 2728 Vallata
343 2673 379 2725 et
401 2656 648 2728 Panormitam
676 2657 831 2748 invicem
855 2682 895 2728 se
916 2653 1099 2730 conlixill'e
1123 2679 1165 2725 ex
1186 2655 1261 2726 Jo-

169 2753 216 2822 rii
240 2754 379 2849 Elogiis
402 2757 479 2830 Vir.
495 2757 647 2828 Doctor.
670 2756 785 2828 refert
804 2756 1001 2853 Mongitor.
1018 2757 1057 2825 in
1075 2754 1260 2828 Biblioth.
1338 2807 1339 2810 ,

170 2853 286 2926 Sicul.
314 2858 351 2924 in
378 2879 470 2927 voce
493 2865 675 2928 Antonius
700 2864 916 2928 Panormita
946 2881 1029 2956 pag.
1049 2855 1111 2929 58.
1169 2853 1263 2926 Alia

168 2953 291 3040 enim,
328 2954 462 3051 quibus
485 2951 585 3029 elter'
599 2959 637 3028 in
660 2957 815 3028 altarum
836 2957 1002 3046 invectus
1022 2953 1072 3026 est
1084 3007 1095 3042 ,
1128 2953 1262 3027 nullua

167 3071 355 3127 memorat.
410 3058 531 3154 Quare
570 3057 710 3129 addens
745 3057 1016 3153 ll'longitoriua‚
1064 3063 1263 3144 utriusque

168 3166 405 3224 monumento
426 3163 589 3245 periisse,
617 3157 757 3257 aliquid
778 3157 927 3228 humani
943 3155 1067 3254 ¹pallus
1090 3154 1262 3242 ridetur,

168 3277 280 3349 quum
297 3257 397 3326 Faeii
419 3257 567 3352 quidem
587 3256 690 3345 libri,
715 3281 810 3352 quos
831 3254 938 3327 simul
960 3281 1042 3327 cum
1063 3254 1263 3326 Panormi·

166 3369 204 3422 ta
225 3351 421 3430 invallem
440 3357 653 3458 scripserat,
679 3355 789 3429 hodie
809 3354 1065 3427 interciderint
1073 3379 1085 3444 3
1113 3370 1151 3424 at
1166 3351 1263 3424 Val-

167 3451 224 3522 lae
242 3453 595 3530 Recriminationum
616 3458 653 3528 in
674 3456 824 3528 Faciam
833 3472 878 3526 et
895 3453 1145 3526 Panormitam
1166 3449 1261 3526 libri

150 3553 364 3650 ¹supersint.
424 3554 543 3654 Quum
577 3575 698 3629 autem
727 3556 858 3630 Facias
894 3553 991 3625 inter
1022 3553 1096 3625 alia
1123 3551 1262 3628 Vallae

165 3649 373 3748 objecillet,
401 3680 485 3726 eum
504 3661 604 3748 apud
630 3665 783 3750 Regem,
813 3679 926 3746 quum
950 3659 1147 3748 legeretur,
1174 3677 1262 3742 pro·

157 3751 258 3834 fiteri
280 3775 417 3825 autum
433 3761 554 3840 sciere
566 3813 577 3846 ‚
614 3782 651 3827 ee
673 3757 967 3840 emendaturum,
983 3775 1107 3828 omnes
1130 3755 1264 3842 depru-

163 3859 342 3940 andanei,
372 3881 467 3947 quoe
488 3865 522 3931 iu
538 3865 709 3949 ¹operibus
730 3863 820 3928 Livii
842 3862 1077 3951 librariorum
1099 3860 1184 3924 cilio
1203 3879 1261 3922 ee·

163 3955 352 4044 cideruut3
391 3959 490 4047 quod
516 3985 577 4032 nec
599 3965 792 4032 Aretinum
805 4013 816 4048 ,
849 3983 910 4030 nec
930 3963 1135 4028 Guarinum
1146 4006 1159 4043 ,
1194 3979 1258 4024 nee

162 4066 246 4126 onte
275 4076 402 4129 eorum
434 4074 592 4137 oetatem
625 4067 863 4135 &anciacum
891 4059 1158 4148 Petrarcllam,
1193 4077 1258 4128 nra

1007 4329 1012 4363 l
