2638 4684
186 332 338 397 cmiv,
492 307 967 384 PRAEFATIO

65 619 68 632 ¹
182 535 276 612 dere
306 532 427 612 nolui.
487 537 636 610 Verum
667 561 791 638 quum
820 534 989 610 ludicem
1016 533 1123 612 Livio
1147 538 1291 614 Clerici

183 634 383 738 junctum,
408 661 455 710 ex
477 661 556 738 quo
578 635 747 738 primum
772 635 870 752 typis
890 634 1104 738 descriptus
1129 638 1291 740 prodiit,

74 761 78 768 ·
184 755 254 810 aut
275 753 377 811 certe
399 761 445 809 ex
467 760 545 837 qno
570 734 822 822 novamLivir
846 732 1054 812 editionem
1074 763 1292 840 procurare

183 835 227 910 in
248 835 419 908 animum
435 833 686 917 induxeram,
716 859 863 937 semper
884 832 932 906 ad
956 861 1112 909 manum
1136 834 1289 912 habue-

184 935 277 1018 rim,
315 950 375 1019 et,
414 960 514 1038 quae
546 931 653 1006 aliud
689 957 803 1031 agens
840 934 899 1008 vel
929 959 1131 1036 perperam
1167 935 1214 1010 in
1246 961 1290 1009 eo

111 1030 115 1044 '
185 1034 302 1119 tradi,
340 1034 401 1108 vel
423 1032 660 1133 negligenter
684 1030 808 1116 omitti
837 1033 1072 1122 invenirem,
1112 1035 1165 1113 ad
1193 1063 1291 1108 mar-

184 1133 312 1234 ginem
339 1147 472 1206 notare
496 1130 630 1206 solitus
653 1129 802 1220 ¹fuerim,
828 1149 955 1234 postea
975 1135 1183 1238 exemplar,
1211 1159 1289 1236 quo

183 1255 276 1308 usus
295 1259 418 1319 eram,
443 1228 708 1306 tantummodo
727 1232 874 1304 contuli
891 1259 981 1306 cum
1001 1233 1144 1321 Indice,
1168 1259 1289 1336 quem

86 1397 88 1400 .
184 1332 401 1406 Crevierius
436 1329 543 1404 nobis
572 1327 700 1417 dedit,
742 1329 880 1432 eique,
926 1357 1025 1433 quae
1057 1331 1288 1434 corrigenda

182 1432 244 1505 vel
277 1427 489 1527 adjicienda
519 1454 715 1532 superesse
745 1428 1006 1518 observarem,
1046 1448 1085 1508 et
1107 1431 1288 1506 nondum

182 1547 352 1604 correcta
376 1529 436 1604 vel
459 1527 605 1628 adjecta
628 1527 824 1617 videbam,
851 1529 1007 1606 inserui.
1053 1531 1190 1626 Quare
1209 1557 1287 1608 non

70 1713 74 1722 ,
128 1688 132 1702 .
181 1629 338 1712 dubito,
377 1628 474 1731 quin
509 1629 624 1703 etiam
658 1645 743 1733 post
776 1653 899 1703 meam
929 1628 964 1704 ei
990 1629 1193 1734 inpensam
1219 1655 1285 1704 cu·

182 1756 261 1806 ram
283 1728 411 1804 adhuc
434 1727 507 1802 alia
531 1729 792 1831 reperiantur,
819 1756 919 1830 quae
944 1729 1102 1804 alterins
1119 1727 1283 1831 diligen·

184 1830 273 1904 tiam
303 1845 340 1904 et
366 1855 518 1932 operam
543 1829 754 1929 requirant.
806 1831 982 1905 Ceterum
1005 1856 1128 1931 quum
1151 1829 1282 1904 omnia

54 2014 57 2022 ι
179 1931 318 2032 capita,
348 1957 417 2032 per
455 1927 598 2001 librum
635 1925 963 2042 quadragesimum
1001 1929 1198 2032 primum,
1244 1944 1281 2002 et

177 2029 364 2132 pleraque
389 2055 458 2131 per
483 2025 811 2128 quadragesimum
836 2029 1012 2114 tertium,
1037 2027 1187 2132 duplici
1209 2055 1280 2102 nu·

176 2155 280 2202 mero
304 2145 509 2213 notentur,
536 2152 701 2229 quorum
725 2127 846 2204 altero
870 2126 987 2202 solius
1005 2126 1125 2215 Livii,
1157 2129 1279 2233 altero

176 2229 291 2302 etiam
336 2229 698 2330 Supplementorum
737 2226 918 2303 Crevierii
961 2227 1041 2302 inte
1092 2229 1280 2304 ositorum

134 2343 137 2358 ¹
175 2328 272 2401 ratio
309 2326 492 2413 habetur,
530 2326 681 2400 noverit
712 2328 866 2412 Lector,
904 2354 966 2402 me
999 2329 1044 2402 ln
1075 2329 1194 2416 icem,
1238 2325 1302 2402 iu'

179 2453 299 2527 quem
326 2451 385 2502 res
410 2427 488 2502 non
516 2441 664 2498 tantum
693 2426 859 2514 aLivio,
895 2425 960 2502 sed
984 2426 1098 2503 etiam
1118 2427 1163 2502 in
1182 2430 1277 2528 Sup-

181 2527 382 2629 plementis
410 2541 638 2601 memoratae
654 2541 761 2600 <sunt
788 2523 977 2628 digestae,
1015 2526 1065 2600 ad
1094 2527 1276 2631 posterio-

124 2683 127 2690 ,
182 2643 264 2699 rem
294 2653 501 2702 numerum
529 2625 802 2726 composuisse,
842 2652 961 2726 quum
982 2625 1104 2702 ludex
1126 2625 1276 2706 Crevie-

184 2725 233 2802 rii
256 2727 297 2799 in
317 2751 361 2800 eo
383 2724 596 2810 fluctuans,
634 2722 745 2800 modo
772 2723 898 2810 huuc,
935 2725 1049 2802 modo
1072 2727 1183 2803 illum
1205 2751 1275 2800 nu-

114 2827 117 2832 ’
148 2877 152 2886 ·
186 2851 338 2902 merum
358 2843 515 2914 secutus
538 2837 645 2898 esset.

201 3087 204 3092 Δ
250 3023 471 3128 Antequam
495 3023 659 3128 praefari
680 3023 867 3111 desinam,
900 3035 1027 3102 unum
1051 3025 1125 3103 hoc
1145 3039 1274 3112 restat,

180 3139 226 3200 ut
255 3125 443 3199 rationem
471 3122 646 3210 reddam,
675 3135 761 3228 'qua
787 3125 963 3230 inpulsus
988 3153 1126 3228 paucas
1149 3125 1275 3230 pagel-

184 3224 271 3311 las,
311 3251 411 3326 quae
437 3221 632 3327 Syllabum
665 3225 791 3330 praeci
821 3253 960 3302 uarum
983 3225 1194 3304 editionum
1215 3223 1275 3298 Li-

179 3324 231 3399 vii
272 3323 442 3428 proxime
485 3348 524 3398 se
554 3343 725 3414 uantur,
759 3251 980 3404 addiderim.
1036 3325 1109 3399 Vir
1139 3324 1274 3402 Claris-

80 3469 86 3476 ·
173 3422 292 3498 simus
317 3419 512 3496 lohannes
578 3426 678 3501 aniel
696 3423 977 3527 Schoepllinus,
1013 3425 1269 3502 Historiarum

173 3540 214 3600 et
247 3521 533 3598 Humaniorum
564 3523 775 3603 Literarum
804 3525 1045 3625 Argentorati
1085 3525 1273 3600 Professor

174 3621 412 3706 ordinarius,
448 3623 491 3698 in
519 3620 656 3700 itinere
678 3638 768 3700 ante
816 3647 1078 3706 ancosannos
1102 3652 1172 3728 per
1193 3621 1273 3696 Bel·

173 3721 279 3822 gium
313 3735 491 3796 nostrum
530 3721 707 3802 instituto
746 3653 954 3814 didicerat,
996 3751 1133 3800 novam
1170 3717 1271 3827 apud

174 3845 245 3900 nos
271 3818 368 3896 Livii
394 3819 602 3900 editionem
629 3827 765 3926 parari.
825 3825 916 3898 Mox
947 3825 1067 3926 igitur
1090 3824 1139 3898 ad
1163 3827 1272 3898 Lares

174 3945 367 4005 reversus,
399 3949 469 4025 pro
494 3947 564 3998 suo
586 3923 712 4004 literas
732 3924 892 4028 juvandi
914 3924 1058 4011 studio,
1096 3925 1144 4002 de
1166 3919 1270 3998 Livio

174 4019 248 4150 lrop
271 4022 370 4102 bene
393 4021 554 4115 mereri,
588 4041 627 4104 et
658 4022 707 4102 ad
736 4023 819 4131 ejus
850 4025 1056 4106 editionem
1088 4045 1302 4134 ‹exornan-x
