2638 4684
298 288 402 361 so
454 287 906 382 oocronon.
1094 317 1175 370 :cn

84 516 173 590 lardi
196 516 236 588 iu
256 517 411 592 Livium
437 545 461 592 s
483 543 523 592 se
546 513 781 616 eillsgitsll'e,
818 517 1175 610 Schurzlleischius,

84 641 194 688 esrom
218 619 419 720 specimen
446 617 669 718 publicans,
695 615 844 692 testatos
866 620 934 708 sit,
964 643 1045 692 som
1069 643 1175 726 spem

82 713 203 806 foveo,
245 745 355 790 nnnc
390 721 503 792 etiem
537 716 636 791 houd
668 715 852 816 ingratum
889 719 1077 808 loturum,
1114 734 1174 794 m'o

83 819 218 892 tandem
251 819 486 892 curriculum
518 817 566 892 ob
595 842 640 890 co
669 818 858 919 inceptum
886 818 1100 908 obsolvill's,
1137 837 1176 894 et

82 919 306 992 eruditorum
341 919 484 1008 oculis,
522 943 618 1016 quoe
641 935 719 992 tum
742 933 850 991 tanto
873 917 990 993 llodio
1014 919 1176 1022 expetito

81 1041 121 1090 rc
143 1017 279 1090 frustm
304 1019 523 1092 desiderato
547 1036 652 1108 sunt,
689 1018 848 1116 legendo
879 1018 1059 1092 obtulille.
1121 1027 1176 1094 Ex

80 1117 145 1190 lssc
171 1137 301 1191 tomen
329 1143 373 1191 re
399 1119 429 1190 si
456 1143 531 1218 qus
546 1115 644 1190 forte
666 1117 747 1190 lons
768 1119 1007 1208 redundabit,
1046 1118 1079 1192 si
1101 1145 1176 1222 que

82 1218 194 1316 grstia
214 1219 427 1319 promerito
449 1219 539 1308 erit,
565 1217 702 1291 nollim
721 1219 801 1320 ejus
822 1238 968 1322 portem
988 1219 1076 1292 mihi
1100 1222 1178 1294 sin·

86 1319 186 1408 dico,
209 1319 274 1392 sed
293 1319 483 1408 solidam,
508 1336 551 1390 ot
568 1342 637 1420 por
657 1317 726 1407 est,
751 1319 817 1391 uni
841 1319 935 1393 cedo
954 1339 1001 1406 est
1015 1335 1177 1408 μακαρίῳ

89 1419 207 1492 Gortio
230 1445 319 1492 meo
332 1473 345 1509 ‚
384 1421 492 1520 cujus
523 1417 659 1516 insigni
687 1419 871 1492 beneficio
892 1419 1082 1495 cothardi
1109 1447 1178 1524 po·

90 1517 190 1590 lions
203 1573 215 1607 ‚
257 1519 465 1618 diligenter
497 1516 546 1592 ed
576 1517 695 1618 ipsios
722 1520 990 1620 autographum
1015 1519 1178 1607 collate,

91 1621 132 1691 sd
149 1644 203 1690 me
219 1636 488 1720 pervenerunt.
542 1617 630 1690 Mihi
652 1615 855 1708 suffecerit,
877 1619 916 1691 'si
934 1617 980 1692 iis
999 1619 1037 1692 in
1058 1620 1177 1692 lucrm

85 1719 348 1817 protrahendis
371 1719 510 1791 nullom
534 1717 737 1792 Gebhardo
759 1715 929 1816 injuriam
950 1737 1014 1793 sot
1034 1719 1178 1810 iccille,

83 1837 142 1890 sut
169 1819 302 1892 locere
331 1819 484 1890 voloille
512 1815 703 1890 existimer.
761 1817 939 1892 Profecto
970 1821 1067 1894 enim
1098 1839 1179 1892 toto

82 1919 201 1991 animo
222 1917 390 1992 detestor
413 1917 608 2020 inprobam
632 1935 675 1989 et
689 1913 737 1991 eb
755 1917 929 1989 omnibus
950 1919 1059 1991 bonis
1079 1921 1182 1992 dam·

81 2038 202 2090 natam
229 2019 386 2090 istorum
412 2016 680 2104 temeritatem,
724 2016 788 2118 qui
817 2015 887 2092 sub
917 2017 1058 2091 inlustri
1085 2019 1182 2090 viro·

84 2145 157 2188 roro
190 2119 312 2190 nollri
339 2117 486 2190 ordinis
511 2135 741 2189 mortuorum
767 2117 918 2190 nornine
944 2120 1056 2191 eslere
1079 2119 1183 2191 sulli-

83 2237 190 2306 nent,
220 2245 324 2318 quse
348 2219 500 2318 quidem
523 2218 687 2292 omnium
709 2241 832 2293 rerum
853 2216 1035 2320 inperitae
1056 2221 1183 2318 juven·

81 2321 170 2390 tutis
192 2319 350 2416 ingenio
376 2317 568 2418 paullatim
596 2318 645 2390 od
670 2317 830 2416 cujusvis
855 2317 1049 2392 doctrinae
1071 2337 1183 2420 atque

82 2419 325 2490 humanitatis
356 2419 476 2491 studio
505 2415 745 2490 informando
775 2415 959 2490 utililllmo
989 2417 1093 2490 soille
1122 2445 1182 2490 ex·

81 2519 266 2617 potientis
292 2516 449 2613 docuit3
488 2517 556 2590 scd
583 2517 802 2618 plerumque
828 2516 1050 2590 eruditionis
1075 2519 1185 2592 laude

82 2617 423 2693 celeberrimorum
456 2617 631 2694 Virorum
668 2613 793 2690 lomee
832 2633 872 2688 et
909 2615 1185 2713 existimationi,

83 2743 193 2814 quom
216 2719 292 2792 vivi
315 2719 389 2792 sihi
409 2733 695 2818 compererunt,
728 2714 831 2818 epod
851 2715 1043 2815 posteros,
1070 2743 1183 2814 quom

81 2843 167 2892 sero
192 2821 418 2892 meritorum
444 2823 630 2919 cujusque
654 2814 833 2890 memorio
856 2815 1069 2888 exolescere
1093 2815 1185 2887 inci-

81 2919 157 3018 pit,
196 2937 236 2992 et
266 2945 314 2991 ex
344 2915 599 3020 superstitibus
627 2915 766 3012 ingenii
795 2917 1043 2988 monumentis
1069 2915 1183 2989 Docti

79 3017 266 3092 aestimari
297 3020 442 3106 solent,
476 3018 629 3090 multum
658 3015 785 3088 donni
811 3014 1002 3088 inserunt:
1042 3017 1181 3118 partim

78 3119 169 3218 qnia
191 3119 335 3194 similia
357 3117 500 3220 scripto
521 3118 735 3203 continent,
770 3139 815 3188 sc
833 3115 1027 3196 continere
1044 3115 1183 3188 debent
1283 3145 1286 3157 ·

75 3219 187 3318 plora
208 3220 448 3294 eruditorum
469 3217 609 3290 senatui
627 3231 735 3300 noto,
763 3240 808 3288 ac
824 3214 953 3318 polim
969 3213 1080 3288 obvio
1099 3215 1182 3288 oliis

76 3321 323 3413 intermisto3
360 3319 495 3418 partim
520 3317 607 3418 quia
633 3313 681 3389 eb
705 3315 832 3413 aliquo
856 3315 1003 3403 tirone,
1035 3315 1182 3386 vixdum

73 3419 210 3520 primis
232 3439 301 3493 out
324 3418 473 3516 linguae
490 3419 645 3492 Latinae
667 3414 877 3500 elementis,
905 3431 971 3488 out
988 3415 1182 3488 humanio-

73 3549 158 3594 rum
187 3521 389 3594 litcrorom
418 3517 609 3618 principiis
637 3515 798 3602 imbuto,
825 3513 882 3586 sel
908 3537 953 3586 ex
981 3539 1048 3587 ors
1071 3539 1181 3616 prse-

71 3624 244 3694 euntiom
270 3620 413 3692 vitiose
435 3637 611 3716 excepto,
646 3615 702 3688 vel
724 3615 835 3686 etiarn
855 3639 899 3686 cn
919 3613 1101 3688 similibus
1120 3641 1182 3685 cx·

71 3721 311 3824 emplsribos
337 3711 464 3792 adhuc
489 3718 654 3788 vitiosius
676 3715 863 3814 descripta
885 3729 982 3784 sont
1042 3721 1180 3786 Verum

70 3823 229 3896 alterius
253 3821 376 3916 longe
398 3815 544 3914 generis
563 3831 648 3888 sunt
670 3817 762 3888 hoec
782 3811 973 3890 Gebhardi
993 3813 1180 3914 pollonis,

69 3927 155 4022 qui,
188 3919 363 4022 magistri
388 3917 540 3992 Gruteri
568 3915 720 3990 monitis
749 3915 973 4002 obsecutos,
1010 3913 1094 3984 ideo
1117 3911 1180 3984 oi·

66 4025 165 4100 tium
187 4051 282 4101 eom
305 4015 512 4098 codicibus
526 4015 702 4095 Palatinis
725 4033 764 4088 et
783 4012 928 4089 retollit
951 4011 1179 4086 editionibus

267 4143 278 4154 ,
705 4141 771 4214 μ
1263 4137 1266 4142 ,
