2638 4684
171 227 265 352 nn
438 217 944 355 'rnerrteto
1080 222 1082 235 ’

182 407 1273 450 ..ίῳ-»Μ

169 534 254 582 eum
282 513 382 600 opud
408 533 445 580 se
472 523 577 600 esee,
603 513 781 598 scriptum
810 531 924 580 manu
950 511 1165 584 Doctissimi
1194 509 1280 580 Viri

170 617 297 704 Poggii
326 617 549 684 Florentini·
594 613 680 682 Non
709 607 813 682 addit
840 625 963 682 temen
994 627 1115 685 utrum
1148 609 1278 682 fuerit

159 709 261 781 ‘illud
281 711 484 811 exemplar,
512 713 609 804 quod
624 717 783 804 Poggius
798 731 868 782 suo
889 733 1001 784 manu
1020 711 1276 801 pulcherrime

169 816 381 900 scripserat,
409 824 443 882 et
464 815 645 897 vendidit,
673 825 714 882 ut
739 815 864 882 vittam
882 817 1086 884 Florentiae
1106 821 1249 884 emeret
1260 837 1279 898 ,-
1311 865 1312 880 ,

169 911 479 1008 quemddmodum
504 909 653 984 testetur
674 908 859 982 Antonius
882 912 1094 984 Panormita
1120 913 1160 982 in
1185 907 1278 982 fre·

169 1027 317 1106 gmento
338 1009 523 1110 Epistulae
550 1009 648 1108 apud
670 1005 784 1106 Buyle
812 1008 851 1080 in
873 1008 1036 1082 Diction.
1061 1010 1198 1084 Histoe.
1229 1023 1276 1079 et

170 1109 258 1186 stit.
290 1110 328 1180 in
355 1135 447 1182 rooe
468 1116 694 1182 Panormita.
746 1107 891 1180 Laudat
918 1109 1028 1182 etiem
1054 1109 1183 1211 pehim
1208 1107 1278 1180 i'n-

169 1207 270 1280 edite
292 1209 474 1306 quaedem
494 1210 627 1284 Petrai
637 1261 651 1298 ,
677 1207 822 1286 Octavii
843 1209 1060 1306 Pantagathi
1085 1226 1122 1282 et
1141 1212 1276 1282 Anto·

170 1306 221 1378 aii
244 1307 444 1407 Augustini.
496 1310 571 1384 Sed
593 1308 703 1406 longe
727 1306 857 1407 plura,
899 1313 1054 1406 quaein
1076 1308 1183 1382 Liria
1205 1331 1277 1378 re-

169 1403 315 1480 stituere
338 1425 494 1482 conotus
515 1404 586 1494 est,
619 1409 746 1480 debuit
767 1405 901 1506 purtim
925 1409 1064 1506 ingenii
1086 1405 1273 1510 acumini,

170 1507 304 1605 partim
322 1506 417 1582 hirii
438 1533 522 1582 oum
541 1508 697 1584 Graecis
715 1505 961 1608 scriptoribus
982 1507 1190 1582 collationi.

246 1659 331 1729 Non
355 1657 418 1732 diu
435 1655 580 1760 posteo,
616 1657 654 1730 in
675 1657 782 1730 initio
804 1655 919 1729 seculi
938 1655 1127 1756 sequentis
1146 1655 1275 1756 septi-

170 1755 376 1844 midecimi,
412 1759 632 1859 prodierunt
651 1759 899 1832 MARCEth
917 1757 1127 1854 DONA'I'I,
1162 1761 1273 1830 Pon·

171 1855 253 1926 ueni
275 1857 428 1957 Comitis
448 1875 486 1930 et
506 1859 543 1933 S.
562 1858 742 1960 Stephani
761 1855 906 1956 Equitio
927 1855 1270 1944 commendatarii,

114 1952 117 1960 ’
169 1954 464 2032 Dilucidetiones
489 1957 528 2028 in
548 1959 711 2045 Litium,
739 1955 848 2048 simul
870 1981 955 2030 eum
973 1955 1271 2029 Dilucidetioni-

171 2053 241 2127 hus
262 2056 301 2127 in
320 2057 516 2146 Tacitum,
551 2058 787 2144 Suetonium,
823 2055 1058 2128 Ammieaum
1076 2040 1272 2129 Merceili-

170 2181 277 2248 num,
317 2172 354 2231 et
378 2154 498 2229 veriat
521 2157 712 2244 historiae,
750 2172 791 2228 ut
812 2153 921 2254 vulgo
945 2173 1146 2244 vocentur,
1184 2157 1272 2228 Au·

170 2253 293 2351 gastae
316 2257 538 2357 scriptores,
577 2282 669 2357 ques
693 2259 874 2332 Gruterus
893 2243 1130 2328 Francofur'ti
1158 2279 1271 2327 enno

171 2357 373 2428 ololooxu.
397 2357 435 2426 in
455 2373 556 2428 tomo
577 2353 829 2429 vetTheeauri
850 2353 1129 2439 Critiei,reoadi
1153 2377 1274 2426 oure·
1313 2377 1314 2382 ¹

171 2453 234 2526 rit.
285 2457 341 2526 De
360 2456 431 2528 hoe
444 2457 594 2527 Donato
617 2455 707 2527 nihil
726 2453 866 2540 habeo,
896 2453 997 2552 quod
1016 2453 1150 2526 eddom
1169 2451 1271 2538 illis,

127 2575 271 2650 squee
298 2552 344 2626 de
371 2580 416 2626 oo
442 2553 585 2626 notavit
607 2555 713 2654 Gesp.
735 2551 908 2628 Berthius
934 2551 981 2626 ed
1002 2553 1112 2627 Statii
1134 2551 1200 2624 lib.
1226 2581 1268 2624 ιι.

33 2678 41 2702 ·
173 2652 261 2725 Sin.
287 2681 315 2725 t.
339 2679 390 2726 vs.
409 2661 470 2753 49.
498 2652 562 2725 ubi
587 2653 684 2726 inter
707 2653 779 2726 ulie
800 2649 961 2769 refert,u
977 2653 1132 2760 primam
1153 2650 1274 2726 Dilu-

174 2749 401 2825 eidetionum
418 2752 617 2826 editionem
630 2751 802 2853 prodiiffe
816 2757 981 2828 Venetus
996 2777 1094 2825 enno
1108 2755 1271 2826 ololorv.

175 2850 251 2924 Sed
282 2877 387 2924 error
416 2851 467 2924 est
497 2853 832 2952 typographorum,
879 2866 916 2922 et
946 2849 1115 2925 substitui
1147 2849 1276 2924 dehet

173 2975 292 3024 onnus
314 2957 504 3024 oioloorv.
528 2951 823 3025 Dilucidetiones
845 2951 925 3048 ejus
947 2949 985 3022 in
1004 2950 1144 3024 bivium
1165 2950 1275 3023 alio-

172 3075 255 3123 rum
273 3049 587 3124 Annotetionihus
612 3050 760 3125 inserui.

246 3196 425 3274 Triennio
460 3199 541 3302 post
571 3204 759 3275 Donatum
796 3203 951 3277 JANUS
989 3201 1275 3278 GRUTERUS

172 3295 334 3370 animum
355 3299 404 3374 ed
424 3300 564 3373 Litium
590 3301 767 3389 advertit,
802 3325 962 3402 eumque
986 3298 1112 3399 viginti
1133 3301 1275 3398 proxi·

172 3422 316 3470 morum
348 3425 528 3474 sanorum
564 3403 686 3501 spatio
720 3416 776 3474 ter
806 3402 987 3500 integrum
1026 3399 1075 3473 ed
1106 3397 1275 3472 codices

172 3499 444 3600 manuscriptos
466 3499 774 3588 instruetissimae‚
801 3525 898 3598 quoe
917 3499 1190 3595 Heidelbergee
1215 3522 1273 3574 eo

171 3613 456 3696 temporetam,
489 3597 739 3672 bibliothecae
761 3624 805 3673 eo
828 3599 967 3716 primes
991 3598 1175 3672 editiones
1199 3621 1273 3670 ex·

110 3737 115 3746 ·
171 3714 316 3785 uotum,
341 3698 380 3772 in
397 3697 587 3800 publicum
607 3698 738 3778 emisit.
779 3703 900 3772 Preme
919 3699 1136 3783 editionum,
1163 3719 1274 3793 ques

171 3796 333 3887 auserit,
358 3796 497 3897 prodiit
517 3821 614 3870 enno
637 3803 698 3872 olo
713 3807 841 3872 loorn.
867 3799 943 3874 sive
967 3822 1066 3872 enno
1088 3799 1275 3891 sequenti

171 3899 391 3972 tloloevnr.
418 3923 463 3972 eo
485 3897 634 4014 repetiit
652 3899 853 4000 plerosque
871 3897 965 3973 bivii
982 3899 1272 3972 Commentato-

168 4019 248 4089 τοι,
285 4021 383 4096 quos
405 4001 628 4075 Franoneus
649 3997 799 4076 Modius
822 3996 1033 4076 octodecim
1057 3993 1166 4070 uanis
1194 4019 1272 4068 en.

1147 4109 1214 4168 tea
