<?xml version="1.0" encoding="UTF-8"?>
<!DOCTYPE html PUBLIC "-//W3C//DTD XHTML 1.0 Transitional//EN"
    "http://www.w3.org/TR/xhtml1/DTD/xhtml1-transitional.dtd">
<html xmlns="http://www.w3.org/1999/xhtml" xml:lang="en" lang="en">
 <head>
  <title>
</title>
<meta http-equiv="Content-Type" content="text/html;charset=utf-8" />
  <meta name='ocr-system' content='tesseract 3.04.00' />
  <meta name='ocr-capabilities' content='ocr_page ocr_carea ocr_par ocr_line ocrx_word'/>
</head>
<body>
  <div class='ocr_page' id='page_1' title='image "./tliviipatavinih08livygoog_0055.png"; bbox 0 0 2726 4676; ppageno 0'>
   <div class='ocr_carea' id='block_1_1' title="bbox 147 232 1034 382">
    <p class='ocr_par' dir='ltr' id='par_1_1' title="bbox 147 232 1034 382">
     <span class='ocr_line' id='line_1_1' title="bbox 147 232 1034 382; baseline 0.003 -39"><span class='ocrx_word' id='word_1_1' title='bbox 147 259 313 348; x_wconf 69' lang='lat' dir='ltr'><strong><em>,nus</em></strong></span> <span class='ocrx_word' id='word_1_2' title='bbox 515 232 1034 382; x_wconf 67' lang='lat' dir='ltr'><strong><em>unsn‘s&#39;suro.</em></strong></span> 
     </span>
    </p>
   </div>
   <div class='ocr_carea' id='block_1_2' title="bbox 61 490 1333 4164">
    <p class='ocr_par' dir='ltr' id='par_1_2' title="bbox 61 490 1333 4164">
     <span class='ocr_line' id='line_1_2' title="bbox 200 490 1321 592; baseline 0.001 -31"><span class='ocrx_word' id='word_1_3' title='bbox 200 497 292 562; x_wconf 86' lang='lat' dir='ltr'><strong><em>liom</em></strong></span> <span class='ocrx_word' id='word_1_4' title='bbox 312 504 497 578; x_wconf 81' lang='lat' dir='ltr'><strong><em>nostram,</em></strong></span> <span class='ocrx_word' id='word_1_5' title='bbox 521 519 626 592; x_wconf 19' lang='lat' dir='ltr'><strong><em>,lquae</em></strong></span> <span class='ocrx_word' id='word_1_6' title='bbox 640 499 726 583; x_wconf 81' lang='lat' dir='ltr'><strong><em>jam</em></strong></span> <span class='ocrx_word' id='word_1_7' title='bbox 748 490 928 568; x_wconf 76' lang='lat' dir='ltr'><strong><em>exstincta</em></strong></span> <span class='ocrx_word' id='word_1_8' title='bbox 950 506 1024 582; x_wconf 81' lang='lat' dir='ltr'><strong><em>est,</em></strong></span> <span class='ocrx_word' id='word_1_9' title='bbox 1054 495 1321 585; x_wconf 35' lang='lat' dir='ltr'><strong><em>excitandam·</em></strong></span> 
     </span>
     <span class='ocr_line' id='line_1_3' title="bbox 200 574 1312 685; baseline -0.002 -23"><span class='ocrx_word' id='word_1_10' title='bbox 200 593 369 664; x_wconf 84' lang='lat' dir='ltr'><strong><em>descendi</em></strong></span> <span class='ocrx_word' id='word_1_11' title='bbox 392 574 443 664; x_wconf 70' lang='lat' dir='ltr'><strong><em>iod</em></strong></span> <span class='ocrx_word' id='word_1_12' title='bbox 466 597 653 683; x_wconf 82' lang='lat' dir='ltr'><strong><em>Venerem,</em></strong></span> <span class='ocrx_word' id='word_1_13' title='bbox 680 622 765 685; x_wconf 90' lang='lat' dir='ltr'><strong><em>nec,</em></strong></span> <span class='ocrx_word' id='word_1_14' title='bbox 794 611 836 667; x_wconf 86' lang='lat' dir='ltr'><strong><em>ut</em></strong></span> <span class='ocrx_word' id='word_1_15' title='bbox 857 611 913 682; x_wconf 81' lang='lat' dir='ltr'><strong><em>tu,</em></strong></span> <span class='ocrx_word' id='word_1_16' title='bbox 939 597 989 664; x_wconf 89' lang='lat' dir='ltr'><strong><em>ad</em></strong></span> <span class='ocrx_word' id='word_1_17' title='bbox 1014 599 1174 664; x_wconf 83' lang='lat' dir='ltr'><strong><em>alienam</em></strong></span> <span class='ocrx_word' id='word_1_18' title='bbox 1201 584 1312 664; x_wconf 59' lang='lat' dir='ltr'><strong><em>usai</em></strong></span> 
     </span>
     <span class='ocr_line' id='line_1_4' title="bbox 198 687 1309 800; baseline -0.002 -36"><span class='ocrx_word' id='word_1_19' title='bbox 198 718 301 782; x_wconf 87' lang='lat' dir='ltr'><strong><em>rem,</em></strong></span> <span class='ocrx_word' id='word_1_20' title='bbox 333 705 399 764; x_wconf 85' lang='lat' dir='ltr'><strong><em>uui</em></strong></span> <span class='ocrx_word' id='word_1_21' title='bbox 421 694 472 763; x_wconf 92' lang='lat' dir='ltr'><strong><em>ad</em></strong></span> <span class='ocrx_word' id='word_1_22' title='bbox 491 701 828 800; x_wconf 58' lang='lat' dir='ltr'><strong><em>praecusipdiqam,</em></strong></span> <span class='ocrx_word' id='word_1_23' title='bbox 855 706 923 766; x_wconf 82' lang='lat' dir='ltr'><strong><em>aui</em></strong></span> <span class='ocrx_word' id='word_1_24' title='bbox 942 697 993 766; x_wconf 85' lang='lat' dir='ltr'><strong><em>ad</em></strong></span> <span class='ocrx_word' id='word_1_25' title='bbox 1011 687 1201 782; x_wconf 80' lang='lat' dir='ltr'><strong><em>polluiam&#39;</em></strong></span> <span class='ocrx_word' id='word_1_26' title='bbox 1212 699 1309 778; x_wconf 77' lang='lat' dir='ltr'><strong><em>sae·</em></strong></span> 
     </span>
     <span class='ocr_line' id='line_1_5' title="bbox 199 797 1309 889; baseline -0.001 -24"><span class='ocrx_word' id='word_1_27' title='bbox 199 797 341 866; x_wconf 88' lang='lat' dir='ltr'><strong><em>minam</em></strong></span> <span class='ocrx_word' id='word_1_28' title='bbox 362 797 528 884; x_wconf 77' lang='lat' dir='ltr'><strong><em>adcessi,</em></strong></span> <span class='ocrx_word' id='word_1_29' title='bbox 562 799 696 884; x_wconf 80' lang='lat' dir='ltr'><strong><em>seduci</em></strong></span> <span class='ocrx_word' id='word_1_30' title='bbox 721 822 802 869; x_wconf 88' lang='lat' dir='ltr'><strong><em>eam</em></strong></span> <span class='ocrx_word' id='word_1_31' title='bbox 814 848 828 886; x_wconf 90' lang='lat'><strong><em>,</em></strong></span> <span class='ocrx_word' id='word_1_32' title='bbox 861 821 955 889; x_wconf 83' lang='lat' dir='ltr'><strong><em>quac</em></strong></span> <span class='ocrx_word' id='word_1_33' title='bbox 979 801 1038 866; x_wconf 84' lang='lat' dir='ltr'><strong><em>sui</em></strong></span> <span class='ocrx_word' id='word_1_34' title='bbox 1053 801 1152 884; x_wconf 73' lang='lat' dir='ltr'><strong><em>juris</em></strong></span> <span class='ocrx_word' id='word_1_35' title='bbox 1175 805 1309 880; x_wconf 83' lang='lat' dir='ltr'><strong><em>esset,</em></strong></span> 
     </span>
     <span class='ocr_line' id='line_1_6' title="bbox 199 889 1327 997; baseline -0.003 -32"><span class='ocrx_word' id='word_1_36' title='bbox 199 889 369 966; x_wconf 89' lang='lat' dir='ltr'><strong><em>eamdem</em></strong></span> <span class='ocrx_word' id='word_1_37' title='bbox 395 901 586 989; x_wconf 81' lang='lat' dir='ltr'><strong><em>virginem,</em></strong></span> <span class='ocrx_word' id='word_1_38' title='bbox 622 923 736 990; x_wconf 85' lang='lat' dir='ltr'><strong><em>quam</em></strong></span> <span class='ocrx_word' id='word_1_39' title='bbox 765 898 900 994; x_wconf 82' lang='lat' dir='ltr'><strong><em>(quum</em></strong></span> <span class='ocrx_word' id='word_1_40' title='bbox 929 921 974 966; x_wconf 75' lang='lat' dir='ltr'><strong><em>ex</em></strong></span> <span class='ocrx_word' id='word_1_41' title='bbox 1003 923 1046 966; x_wconf 88' lang='lat' dir='ltr'><strong><em>eo</em></strong></span> <span class='ocrx_word' id='word_1_42' title='bbox 1070 903 1175 997; x_wconf 78' lang='lat' dir='ltr'><strong><em>iutro¹</em></strong></span> <span class='ocrx_word' id='word_1_43' title='bbox 1191 903 1327 966; x_wconf 44' lang='lat' dir='ltr'><strong><em>duosw</em></strong></span> 
     </span>
     <span class='ocr_line' id='line_1_7' title="bbox 200 999 1300 1092; baseline -0.004 -25"><span class='ocrx_word' id='word_1_44' title='bbox 200 1019 316 1068; x_wconf 85' lang='lat' dir='ltr'><strong><em>annos</em></strong></span> <span class='ocrx_word' id='word_1_45' title='bbox 333 1003 568 1086; x_wconf 75' lang='lat' dir='ltr'><strong><em>suscepissem</em></strong></span> <span class='ocrx_word' id='word_1_46' title='bbox 582 1012 658 1084; x_wconf 71' lang='lat' dir='ltr'><strong><em>¹tres</em></strong></span> <span class='ocrx_word' id='word_1_47' title='bbox 677 1005 827 1092; x_wconf 83' lang='lat' dir='ltr'><strong><em>liberos)</em></strong></span> <span class='ocrx_word' id='word_1_48' title='bbox 851 999 1206 1070; x_wconf 75' lang='lat' dir='ltr'><strong><em>inhumanissimum</em></strong></span> <span class='ocrx_word' id='word_1_49' title='bbox 1238 1005 1300 1064; x_wconf 82' lang='lat' dir='ltr'><strong><em>esi</em></strong></span> 
     </span>
     <span class='ocr_line' id='line_1_8' title="bbox 200 1099 1330 1192; baseline 0 -24"><span class='ocrx_word' id='word_1_50' title='bbox 200 1103 340 1186; x_wconf 84' lang='lat' dir='ltr'><strong><em>visum,</em></strong></span> <span class='ocrx_word' id='word_1_51' title='bbox 370 1109 450 1168; x_wconf 83' lang='lat' dir='ltr'><strong><em>iam</em></strong></span> <span class='ocrx_word' id='word_1_52' title='bbox 476 1103 607 1188; x_wconf 88' lang='lat' dir='ltr'><strong><em>ipsius,</em></strong></span> <span class='ocrx_word' id='word_1_53' title='bbox 645 1125 759 1190; x_wconf 87' lang='lat' dir='ltr'><strong><em>quom</em></strong></span> <span class='ocrx_word' id='word_1_54' title='bbox 783 1102 982 1170; x_wconf 83' lang='lat' dir='ltr'><strong><em>liberorum</em></strong></span> <span class='ocrx_word' id='word_1_55' title='bbox 1005 1121 1162 1192; x_wconf 80' lang='lat' dir='ltr'><strong><em>caussa,</em></strong></span> <span class='ocrx_word' id='word_1_56' title='bbox 1196 1099 1330 1183; x_wconf 52' lang='lat' dir='ltr'><strong><em>abii-r</em></strong></span> 
     </span>
     <span class='ocr_line' id='line_1_9' title="bbox 198 1190 1331 1290; baseline 0.002 -22"><span class='ocrx_word' id='word_1_57' title='bbox 198 1223 284 1272; x_wconf 85' lang='lat' dir='ltr'><strong><em>cere.</em></strong></span> <span class='ocrx_word' id='word_1_58' title='bbox 314 1201 448 1270; x_wconf 86' lang='lat' dir='ltr'><strong><em>Tamen</em></strong></span> <span class='ocrx_word' id='word_1_59' title='bbox 468 1203 701 1290; x_wconf 74' lang='lat' dir='ltr'><strong><em>aliquamdiu</em></strong></span> <span class='ocrx_word' id='word_1_60' title='bbox 722 1223 887 1271; x_wconf 88' lang='lat' dir='ltr'><strong><em>seorsum</em></strong></span> <span class='ocrx_word' id='word_1_61' title='bbox 911 1201 1099 1285; x_wconf 79' lang='lat' dir='ltr'><strong><em>habitavit,</em></strong></span> <span class='ocrx_word' id='word_1_62' title='bbox 1124 1224 1186 1270; x_wconf 88' lang='lat' dir='ltr'><strong><em>nec</em></strong></span> <span class='ocrx_word' id='word_1_63' title='bbox 1210 1202 1299 1284; x_wconf 83' lang='lat' dir='ltr'><strong><em>diu,</em></strong></span> <span class='ocrx_word' id='word_1_64' title='bbox 1330 1190 1331 1270; x_wconf 83' lang='lat' dir='ltr'><strong><em>l</em></strong></span> 
     </span>
     <span class='ocr_line' id='line_1_10' title="bbox 196 1301 1332 1394; baseline -0.002 -24"><span class='ocrx_word' id='word_1_65' title='bbox 196 1323 320 1390; x_wconf 91' lang='lat' dir='ltr'><strong><em>spero,</em></strong></span> <span class='ocrx_word' id='word_1_66' title='bbox 347 1301 508 1371; x_wconf 82' lang='lat' dir='ltr'><strong><em>manebit</em></strong></span> <span class='ocrx_word' id='word_1_67' title='bbox 534 1307 706 1390; x_wconf 86' lang='lat' dir='ltr'><strong><em>innupta,</em></strong></span> <span class='ocrx_word' id='word_1_68' title='bbox 730 1307 762 1371; x_wconf 91' lang='lat' dir='ltr'><strong><em>si</em></strong></span> <span class='ocrx_word' id='word_1_69' title='bbox 786 1301 897 1372; x_wconf 87' lang='lat' dir='ltr'><strong><em>modo</em></strong></span> <span class='ocrx_word' id='word_1_70' title='bbox 921 1307 995 1370; x_wconf 84' lang='lat' dir='ltr'><strong><em>ciro</em></strong></span> <span class='ocrx_word' id='word_1_71' title='bbox 1020 1303 1191 1371; x_wconf 84' lang='lat' dir='ltr'><strong><em>collocari</em></strong></span> <span class='ocrx_word' id='word_1_72' title='bbox 1219 1324 1299 1368; x_wconf 90' lang='lat' dir='ltr'><strong><em>non</em></strong></span> <span class='ocrx_word' id='word_1_73' title='bbox 1331 1352 1332 1394; x_wconf 62' lang='lat'><strong><em>,</em></strong></span> 
     </span>
     <span class='ocr_line' id='line_1_11' title="bbox 125 1395 1332 1501; baseline 0 -33"><span class='ocrx_word' id='word_1_74' title='bbox 125 1397 130 1410; x_wconf 76' lang='grc'><strong>’</strong></span> <span class='ocrx_word' id='word_1_75' title='bbox 195 1403 388 1471; x_wconf 79' lang='lat' dir='ltr'><strong><em>recusabit.</em></strong></span> <span class='ocrx_word' id='word_1_76' title='bbox 440 1397 723 1489; x_wconf 79' lang='lat' dir='ltr'><strong><em>PosteoVollo,</em></strong></span> <span class='ocrx_word' id='word_1_77' title='bbox 760 1397 1072 1501; x_wconf 79' lang='lat' dir='ltr'><strong><em>quemadmodum</em></strong></span> <span class='ocrx_word' id='word_1_78' title='bbox 1097 1399 1295 1497; x_wconf 76' lang='lat' dir='ltr'><strong><em>elegerat,</em></strong></span> <span class='ocrx_word' id='word_1_79' title='bbox 1331 1395 1332 1400; x_wconf 64' lang='grc'>’</span> 
     </span>
     <span class='ocr_line' id='line_1_12' title="bbox 89 1493 1333 1598; baseline -0.006 -24"><span class='ocrx_word' id='word_1_80' title='bbox 89 1545 93 1564; x_wconf 54' lang='grc' dir='ltr'>ι</span> <span class='ocrx_word' id='word_1_81' title='bbox 141 1541 143 1548; x_wconf 39' lang='lat' dir='ltr'>s</span> <span class='ocrx_word' id='word_1_82' title='bbox 195 1496 332 1574; x_wconf 83' lang='lat' dir='ltr'><strong><em>Clerici</em></strong></span> <span class='ocrx_word' id='word_1_83' title='bbox 355 1497 569 1598; x_wconf 82' lang='lat' dir='ltr'><strong><em>dignitatem</em></strong></span> <span class='ocrx_word' id='word_1_84' title='bbox 593 1499 775 1590; x_wconf 76' lang='lat' dir='ltr'><strong><em>obtinuit,</em></strong></span> <span class='ocrx_word' id='word_1_85' title='bbox 801 1524 846 1574; x_wconf 86' lang='lat' dir='ltr'><strong><em>oc</em></strong></span> <span class='ocrx_word' id='word_1_86' title='bbox 864 1497 986 1571; x_wconf 79' lang='lat' dir='ltr'><strong><em>factus</em></strong></span> <span class='ocrx_word' id='word_1_87' title='bbox 1009 1493 1060 1570; x_wconf 83' lang='lat' dir='ltr'><strong><em>est</em></strong></span> <span class='ocrx_word' id='word_1_88' title='bbox 1082 1503 1297 1572; x_wconf 77' lang='lat' dir='ltr'><strong><em>Cocanicus</em></strong></span> <span class='ocrx_word' id='word_1_89' title='bbox 1332 1515 1333 1552; x_wconf 44' lang='grc' dir='ltr'><strong>ὲ</strong></span> 
     </span>
     <span class='ocr_line' id='line_1_13' title="bbox 198 1595 1295 1700; baseline -0.005 -28"><span class='ocrx_word' id='word_1_90' title='bbox 198 1605 231 1696; x_wconf 64' lang='lat'><strong><em>⁸5·</em></strong></span> <span class='ocrx_word' id='word_1_91' title='bbox 254 1604 403 1672; x_wconf 78' lang='lat' dir='ltr'><strong><em>loannis</em></strong></span> <span class='ocrx_word' id='word_1_92' title='bbox 428 1605 707 1689; x_wconf 76' lang='lat' dir='ltr'><strong><em>Lateranensis,</em></strong></span> <span class='ocrx_word' id='word_1_93' title='bbox 733 1617 774 1676; x_wconf 88' lang='lat' dir='ltr'><strong><em>ot</em></strong></span> <span class='ocrx_word' id='word_1_94' title='bbox 798 1599 941 1698; x_wconf 82' lang='lat' dir='ltr'><strong><em>exejus</em></strong></span> <span class='ocrx_word' id='word_1_95' title='bbox 963 1598 1163 1700; x_wconf 81' lang='lat' dir='ltr'><strong><em>Epitaphio</em></strong></span> <span class='ocrx_word' id='word_1_96' title='bbox 1186 1595 1295 1699; x_wconf 82' lang='lat' dir='ltr'><strong><em>pail·</em></strong></span> 
     </span>
     <span class='ocr_line' id='line_1_14' title="bbox 192 1699 1292 1800; baseline -0.004 -28"><span class='ocrx_word' id='word_1_97' title='bbox 192 1724 241 1773; x_wconf 84' lang='lat' dir='ltr'><strong><em>eo</em></strong></span> <span class='ocrx_word' id='word_1_98' title='bbox 263 1700 503 1776; x_wconf 81' lang='lat' dir='ltr'><strong><em>memorando</em></strong></span> <span class='ocrx_word' id='word_1_99' title='bbox 529 1699 720 1776; x_wconf 74' lang='lat' dir='ltr'><strong><em>constabit.</em></strong></span> <span class='ocrx_word' id='word_1_100' title='bbox 771 1705 825 1774; x_wconf 83' lang='lat' dir='ltr'><strong><em>Ex</em></strong></span> <span class='ocrx_word' id='word_1_101' title='bbox 853 1699 986 1772; x_wconf 87' lang='lat' dir='ltr'><strong><em>eodem</em></strong></span> <span class='ocrx_word' id='word_1_102' title='bbox 1019 1699 1129 1772; x_wconf 84' lang='lat' dir='ltr'><strong><em>etiam</em></strong></span> <span class='ocrx_word' id='word_1_103' title='bbox 1158 1714 1292 1800; x_wconf 75' lang='lat' dir='ltr'><strong><em>patet,</em></strong></span> 
     </span>
     <span class='ocr_line' id='line_1_15' title="bbox 194 1801 1294 1890; baseline -0.005 -18"><span class='ocrx_word' id='word_1_104' title='bbox 194 1825 277 1872; x_wconf 86' lang='lat' dir='ltr'><strong><em>oum</em></strong></span> <span class='ocrx_word' id='word_1_105' title='bbox 299 1801 489 1885; x_wconf 65' lang='lat' dir='ltr'><strong><em>‹Poniificis</em></strong></span> <span class='ocrx_word' id='word_1_106' title='bbox 508 1807 670 1872; x_wconf 79' lang='lat' dir='ltr'><strong><em>Maximi</em></strong></span> <span class='ocrx_word' id='word_1_107' title='bbox 694 1805 936 1885; x_wconf 84' lang='lat' dir='ltr'><strong><em>Secreiarium</em></strong></span> <span class='ocrx_word' id='word_1_108' title='bbox 960 1805 1294 1890; x_wconf 79' lang='lat' dir='ltr'><strong><em>Apostolicumque</em></strong></span> 
     </span>
     <span class='ocr_line' id='line_1_16' title="bbox 194 1893 1291 1996; baseline -0.003 -25"><span class='ocrx_word' id='word_1_109' title='bbox 194 1897 603 1996; x_wconf 69' lang='lat' dir='ltr'><strong><em>scriptorem-exstitistis.</em></strong></span> <span class='ocrx_word' id='word_1_110' title='bbox 653 1901 784 1974; x_wconf 86' lang='lat' dir='ltr'><strong><em>Utrum</em></strong></span> <span class='ocrx_word' id='word_1_111' title='bbox 811 1917 933 1972; x_wconf 83' lang='lat' dir='ltr'><strong><em>tamon</em></strong></span> <span class='ocrx_word' id='word_1_112' title='bbox 959 1923 1088 1972; x_wconf 81' lang='lat' dir='ltr'><strong><em>rcrcro</em></strong></span> <span class='ocrx_word' id='word_1_113' title='bbox 1111 1893 1291 1972; x_wconf 82' lang='lat' dir='ltr'><strong><em>Pontifici</em></strong></span> 
     </span>
     <span class='ocr_line' id='line_1_17' title="bbox 193 1997 1292 2086; baseline -0.005 -12"><span class='ocrx_word' id='word_1_114' title='bbox 193 2000 355 2074; x_wconf 79' lang='lat' dir='ltr'><strong><em>Maximo</em></strong></span> <span class='ocrx_word' id='word_1_115' title='bbox 380 1999 429 2074; x_wconf 86' lang='lat' dir='ltr'><strong><em>ob</em></strong></span> <span class='ocrx_word' id='word_1_116' title='bbox 452 1997 543 2073; x_wconf 81' lang='lat' dir='ltr'><strong><em>actis</em></strong></span> <span class='ocrx_word' id='word_1_117' title='bbox 571 2025 616 2074; x_wconf 77' lang='lat' dir='ltr'><strong><em>oc</em></strong></span> <span class='ocrx_word' id='word_1_118' title='bbox 639 1999 793 2075; x_wconf 82' lang='lat' dir='ltr'><strong><em>secretis</em></strong></span> <span class='ocrx_word' id='word_1_119' title='bbox 815 1997 951 2086; x_wconf 73' lang='lat' dir='ltr'><strong><em>fucrit,</em></strong></span> <span class='ocrx_word' id='word_1_120' title='bbox 989 1997 1188 2072; x_wconf 86' lang='lat' dir='ltr'><strong><em>admodum</em></strong></span> <span class='ocrx_word' id='word_1_121' title='bbox 1213 1999 1292 2070; x_wconf 90' lang='lat' dir='ltr'><strong><em>du-</em></strong></span> 
     </span>
     <span class='ocr_line' id='line_1_18' title="bbox 184 2077 1292 2197; baseline -0.004 -25"><span class='ocrx_word' id='word_1_122' title='bbox 184 2099 296 2188; x_wconf 73' lang='lat' dir='ltr'><strong><em>bito,</em></strong></span> <span class='ocrx_word' id='word_1_123' title='bbox 336 2098 438 2197; x_wconf 90' lang='lat' dir='ltr'><strong><em>quod</em></strong></span> <span class='ocrx_word' id='word_1_124' title='bbox 468 2099 568 2173; x_wconf 87' lang='lat' dir='ltr'><strong><em>huno</em></strong></span> <span class='ocrx_word' id='word_1_125' title='bbox 595 2099 631 2173; x_wconf 87' lang='lat' dir='ltr'><strong><em>ei</em></strong></span> <span class='ocrx_word' id='word_1_126' title='bbox 658 2099 842 2172; x_wconf 86' lang='lat' dir='ltr'><strong><em>obrcuiiic</em></strong></span> <span class='ocrx_word' id='word_1_127' title='bbox 872 2099 1055 2194; x_wconf 84' lang='lat' dir='ltr'><strong><em>honorem</em></strong></span> <span class='ocrx_word' id='word_1_128' title='bbox 1087 2124 1109 2172; x_wconf 89' lang='lat' dir='ltr'><strong><em>o</em></strong></span> <span class='ocrx_word' id='word_1_129' title='bbox 1136 2077 1292 2174; x_wconf 80' lang='lat' dir='ltr'><strong><em>nominc</em></strong></span> 
     </span>
     <span class='ocr_line' id='line_1_19' title="bbox 193 2197 1292 2294; baseline -0.002 -24"><span class='ocrx_word' id='word_1_130' title='bbox 193 2198 286 2272; x_wconf 87' lang='lat' dir='ltr'><strong><em>olibi</em></strong></span> <span class='ocrx_word' id='word_1_131' title='bbox 306 2215 546 2272; x_wconf 76' lang='lat' dir='ltr'><strong><em>memoratum</em></strong></span> <span class='ocrx_word' id='word_1_132' title='bbox 563 2197 759 2294; x_wconf 72' lang='lat' dir='ltr'><strong><em>inveniam.</em></strong></span> <span class='ocrx_word' id='word_1_133' title='bbox 812 2199 1050 2282; x_wconf 71' lang='lat' dir='ltr'><strong><em>Viximus,</em></strong></span> <span class='ocrx_word' id='word_1_134' title='bbox 1086 2221 1130 2271; x_wconf 84' lang='lat' dir='ltr'><strong><em>oo</em></strong></span> <span class='ocrx_word' id='word_1_135' title='bbox 1155 2221 1202 2270; x_wconf 83' lang='lat' dir='ltr'><strong><em>nc</em></strong></span> <span class='ocrx_word' id='word_1_136' title='bbox 1226 2197 1292 2271; x_wconf 81' lang='lat' dir='ltr'><strong><em>vix</em></strong></span> 
     </span>
     <span class='ocr_line' id='line_1_20' title="bbox 195 2296 1286 2414; baseline -0.004 -42"><span class='ocrx_word' id='word_1_137' title='bbox 195 2296 346 2398; x_wconf 84' lang='lat' dir='ltr'><strong><em>quidem</em></strong></span> <span class='ocrx_word' id='word_1_138' title='bbox 367 2296 404 2398; x_wconf 80' lang='lat' dir='ltr'><strong><em>iu</em></strong></span> <span class='ocrx_word' id='word_1_139' title='bbox 427 2299 608 2390; x_wconf 80' lang='lat' dir='ltr'><strong><em>animum,</em></strong></span> <span class='ocrx_word' id='word_1_140' title='bbox 644 2317 686 2371; x_wconf 91' lang='lat' dir='ltr'><strong><em>ut</em></strong></span> <span class='ocrx_word' id='word_1_141' title='bbox 710 2300 880 2384; x_wconf 79' lang='lat' dir='ltr'><strong><em>credam,</em></strong></span> <span class='ocrx_word' id='word_1_142' title='bbox 915 2296 1092 2371; x_wconf 79' lang='lat' dir='ltr'><strong><em>inducere</em></strong></span> <span class='ocrx_word' id='word_1_143' title='bbox 1113 2296 1286 2414; x_wconf 79' lang='lat' dir='ltr'><strong><em>polium,</em></strong></span> 
     </span>
     <span class='ocr_line' id='line_1_21' title="bbox 194 2396 1287 2498; baseline -0.004 -26"><span class='ocrx_word' id='word_1_144' title='bbox 194 2415 349 2472; x_wconf 71' lang='lat' dir='ltr'><strong><em>matrem</em></strong></span> <span class='ocrx_word' id='word_1_145' title='bbox 368 2399 521 2487; x_wconf 74' lang='lat' dir='ltr'><strong><em>vallae,</em></strong></span> <span class='ocrx_word' id='word_1_146' title='bbox 557 2401 616 2473; x_wconf 81' lang='lat' dir='ltr'><strong><em>rol</em></strong></span> <span class='ocrx_word' id='word_1_147' title='bbox 642 2398 752 2490; x_wconf 82' lang='lat' dir='ltr'><strong><em>illos,</em></strong></span> <span class='ocrx_word' id='word_1_148' title='bbox 791 2399 856 2498; x_wconf 88' lang='lat' dir='ltr'><strong><em>qui</em></strong></span> <span class='ocrx_word' id='word_1_149' title='bbox 881 2397 1009 2471; x_wconf 82' lang='lat' dir='ltr'><strong><em>matris</em></strong></span> <span class='ocrx_word' id='word_1_150' title='bbox 1031 2421 1182 2470; x_wconf 76' lang='lat' dir='ltr'><strong><em>nomine</em></strong></span> <span class='ocrx_word' id='word_1_151' title='bbox 1206 2396 1287 2470; x_wconf 87' lang='lat' dir='ltr'><strong><em>hoc</em></strong></span> 
     </span>
     <span class='ocr_line' id='line_1_22' title="bbox 194 2497 1289 2615; baseline -0.001 -45"><span class='ocrx_word' id='word_1_152' title='bbox 194 2515 434 2571; x_wconf 83' lang='lat' dir='ltr'><strong><em>monumento</em></strong></span> <span class='ocrx_word' id='word_1_153' title='bbox 461 2499 675 2572; x_wconf 82' lang='lat' dir='ltr'><strong><em>memoriam</em></strong></span> <span class='ocrx_word' id='word_1_154' title='bbox 704 2502 785 2597; x_wconf 85' lang='lat' dir='ltr'><strong><em>ejus</em></strong></span> <span class='ocrx_word' id='word_1_155' title='bbox 812 2499 861 2572; x_wconf 87' lang='lat' dir='ltr'><strong><em>od</em></strong></span> <span class='ocrx_word' id='word_1_156' title='bbox 882 2497 1047 2598; x_wconf 85' lang='lat' dir='ltr'><strong><em>posteros</em></strong></span> <span class='ocrx_word' id='word_1_157' title='bbox 1072 2499 1289 2615; x_wconf 72' lang='lat' dir='ltr'><strong><em>propagare</em></strong></span> 
     </span>
     <span class='ocr_line' id='line_1_23' title="bbox 194 2591 1290 2697; baseline -0.004 -25"><span class='ocrx_word' id='word_1_158' title='bbox 194 2595 400 2682; x_wconf 80' lang='lat' dir='ltr'><strong><em>voluerunt,</em></strong></span> <span class='ocrx_word' id='word_1_159' title='bbox 426 2623 519 2688; x_wconf 85' lang='lat' dir='ltr'><strong><em>rem,</em></strong></span> <span class='ocrx_word' id='word_1_160' title='bbox 545 2623 655 2697; x_wconf 84' lang='lat' dir='ltr'><strong><em>quom</em></strong></span> <span class='ocrx_word' id='word_1_161' title='bbox 673 2599 806 2673; x_wconf 81' lang='lat' dir='ltr'><strong><em>falsam</em></strong></span> <span class='ocrx_word' id='word_1_162' title='bbox 823 2591 894 2672; x_wconf 83' lang='lat' dir='ltr'><strong><em>elio</em></strong></span> <span class='ocrx_word' id='word_1_163' title='bbox 908 2598 1111 2671; x_wconf 80' lang='lat' dir='ltr'><strong><em>innumeris</em></strong></span> <span class='ocrx_word' id='word_1_164' title='bbox 1127 2620 1173 2668; x_wconf 85' lang='lat' dir='ltr'><strong><em>eo</em></strong></span> <span class='ocrx_word' id='word_1_165' title='bbox 1190 2612 1290 2669; x_wconf 83' lang='lat' dir='ltr'><strong><em>tem·</em></strong></span> 
     </span>
     <span class='ocr_line' id='line_1_24' title="bbox 194 2691 1289 2799; baseline -0.001 -30"><span class='ocrx_word' id='word_1_166' title='bbox 194 2721 287 2799; x_wconf 82' lang='lat' dir='ltr'><strong><em>porc</em></strong></span> <span class='ocrx_word' id='word_1_167' title='bbox 310 2691 461 2771; x_wconf 81' lang='lat' dir='ltr'><strong><em>testibus</em></strong></span> <span class='ocrx_word' id='word_1_168' title='bbox 480 2697 630 2799; x_wconf 79' lang='lat' dir='ltr'><strong><em>planum</em></strong></span> <span class='ocrx_word' id='word_1_169' title='bbox 650 2698 728 2771; x_wconf 86' lang='lat' dir='ltr'><strong><em>lieri</em></strong></span> <span class='ocrx_word' id='word_1_170' title='bbox 750 2715 920 2799; x_wconf 80' lang='lat' dir='ltr'><strong><em>poterat,</em></strong></span> <span class='ocrx_word' id='word_1_171' title='bbox 952 2695 1174 2798; x_wconf 81' lang='lat' dir='ltr'><strong><em>Epitaphio,</em></strong></span> <span class='ocrx_word' id='word_1_172' title='bbox 1202 2721 1289 2768; x_wconf 88' lang='lat' dir='ltr'><strong><em>om·</em></strong></span> 
     </span>
     <span class='ocr_line' id='line_1_25' title="bbox 194 2793 1289 2899; baseline 0.001 -33"><span class='ocrx_word' id='word_1_173' title='bbox 194 2795 297 2868; x_wconf 87' lang='lat' dir='ltr'><strong><em>nium</em></strong></span> <span class='ocrx_word' id='word_1_174' title='bbox 316 2794 484 2895; x_wconf 81' lang='lat' dir='ltr'><strong><em>quotidie</em></strong></span> <span class='ocrx_word' id='word_1_175' title='bbox 505 2797 625 2870; x_wconf 88' lang='lat' dir='ltr'><strong><em>oculis</em></strong></span> <span class='ocrx_word' id='word_1_176' title='bbox 648 2799 836 2899; x_wconf 83' lang='lat' dir='ltr'><strong><em>exposito,</em></strong></span> <span class='ocrx_word' id='word_1_177' title='bbox 870 2797 1034 2872; x_wconf 85' lang='lat' dir='ltr'><strong><em>inserere</em></strong></span> <span class='ocrx_word' id='word_1_178' title='bbox 1057 2821 1168 2870; x_wconf 76' lang='lat' dir='ltr'><strong><em>ausos</em></strong></span> <span class='ocrx_word' id='word_1_179' title='bbox 1188 2793 1289 2867; x_wconf 84' lang='lat' dir='ltr'><strong><em>fuis·</em></strong></span> 
     </span>
     <span class='ocr_line' id='line_1_26' title="bbox 194 2893 1289 2997; baseline 0.002 -31"><span class='ocrx_word' id='word_1_180' title='bbox 194 2919 258 2989; x_wconf 73' lang='lat'><strong><em>⁵⁰3</em></strong></span> <span class='ocrx_word' id='word_1_181' title='bbox 286 2896 361 2968; x_wconf 76' lang='lat' dir='ltr'><strong><em>aad</em></strong></span> <span class='ocrx_word' id='word_1_182' title='bbox 388 2893 514 2995; x_wconf 84' lang='lat' dir='ltr'><strong><em>potius</em></strong></span> <span class='ocrx_word' id='word_1_183' title='bbox 541 2897 719 2986; x_wconf 82' lang='lat' dir='ltr'><strong><em>existimo,</em></strong></span> <span class='ocrx_word' id='word_1_184' title='bbox 753 2898 930 2997; x_wconf 76' lang='lat' dir='ltr'><strong><em>gradum,</em></strong></span> <span class='ocrx_word' id='word_1_185' title='bbox 965 2895 1019 2972; x_wconf 85' lang='lat' dir='ltr'><strong><em>od</em></strong></span> <span class='ocrx_word' id='word_1_186' title='bbox 1069 2922 1151 2970; x_wconf 87' lang='lat' dir='ltr'><strong><em>uem</em></strong></span> <span class='ocrx_word' id='word_1_187' title='bbox 1170 2894 1289 2970; x_wconf 81' lang='lat' dir='ltr'><strong><em>Vallo</em></strong></span> 
     </span>
     <span class='ocr_line' id='line_1_27' title="bbox 194 2923 1288 3098; baseline -0.001 -32"><span class='ocrx_word' id='word_1_188' title='bbox 194 2995 379 3094; x_wconf 79' lang='lat' dir='ltr'><strong><em>pervenis,</em></strong></span> <span class='ocrx_word' id='word_1_189' title='bbox 406 2995 528 3069; x_wconf 80' lang='lat' dir='ltr'><strong><em>verbis</em></strong></span> <span class='ocrx_word' id='word_1_190' title='bbox 548 3023 624 3072; x_wconf 88' lang='lat' dir='ltr'><strong><em>oon</em></strong></span> <span class='ocrx_word' id='word_1_191' title='bbox 647 2996 738 3070; x_wconf 89' lang='lat' dir='ltr'><strong><em>nihil</em></strong></span> <span class='ocrx_word' id='word_1_192' title='bbox 760 3015 928 3086; x_wconf 83' lang='lat' dir='ltr'><strong><em>auctum,</em></strong></span> <span class='ocrx_word' id='word_1_193' title='bbox 956 3013 994 3070; x_wconf 83' lang='lat' dir='ltr'><strong><em>et</em></strong></span> <span class='ocrx_word' id='word_1_194' title='bbox 1012 2923 1201 3098; x_wconf 66' lang='lat' dir='ltr'><strong><em>inlerioris</em></strong></span> <span class='ocrx_word' id='word_1_195' title='bbox 1219 3019 1288 3066; x_wconf 88' lang='lat' dir='ltr'><strong><em>or·</em></strong></span> 
     </span>
     <span class='ocr_line' id='line_1_28' title="bbox 196 3091 1286 3196; baseline -0.003 -29"><span class='ocrx_word' id='word_1_196' title='bbox 196 3091 294 3167; x_wconf 82' lang='lat' dir='ltr'><strong><em>dinis</em></strong></span> <span class='ocrx_word' id='word_1_197' title='bbox 324 3095 540 3194; x_wconf 75' lang='lat' dir='ltr'><strong><em>dignitatem</em></strong></span> <span class='ocrx_word' id='word_1_198' title='bbox 572 3097 766 3196; x_wconf 78' lang='lat' dir='ltr'><strong><em>ampliori,</em></strong></span> <span class='ocrx_word' id='word_1_199' title='bbox 807 3123 917 3194; x_wconf 88' lang='lat' dir='ltr'><strong><em>quom</em></strong></span> <span class='ocrx_word' id='word_1_200' title='bbox 946 3095 981 3169; x_wconf 82' lang='lat' dir='ltr'><strong><em>ci</em></strong></span> <span class='ocrx_word' id='word_1_201' title='bbox 1012 3093 1286 3184; x_wconf 79' lang='lat' dir='ltr'><strong><em>conveniebat,</em></strong></span> 
     </span>
     <span class='ocr_line' id='line_1_29' title="bbox 194 3192 1285 3294; baseline 0 -30"><span class='ocrx_word' id='word_1_202' title='bbox 194 3193 343 3267; x_wconf 88' lang='lat' dir='ltr'><strong><em>nominc</em></strong></span> <span class='ocrx_word' id='word_1_203' title='bbox 370 3192 592 3294; x_wconf 80' lang='lat' dir='ltr'><strong><em>adpellotom</em></strong></span> <span class='ocrx_word' id='word_1_204' title='bbox 614 3198 694 3270; x_wconf 82' lang='lat' dir='ltr'><strong><em>elle.</em></strong></span> <span class='ocrx_word' id='word_1_205' title='bbox 747 3194 905 3273; x_wconf 81' lang='lat' dir='ltr'><strong><em>Videtur</em></strong></span> <span class='ocrx_word' id='word_1_206' title='bbox 929 3197 1026 3268; x_wconf 82' lang='lat' dir='ltr'><strong><em>caim</em></strong></span> <span class='ocrx_word' id='word_1_207' title='bbox 1048 3220 1173 3267; x_wconf 80' lang='lat' dir='ltr'><strong><em>rerum</em></strong></span> <span class='ocrx_word' id='word_1_208' title='bbox 1195 3193 1285 3282; x_wconf 83' lang='lat' dir='ltr'><strong><em>elic,</em></strong></span> 
     </span>
     <span class='ocr_line' id='line_1_30' title="bbox 194 3289 1288 3396; baseline -0.002 -28"><span class='ocrx_word' id='word_1_209' title='bbox 194 3291 342 3368; x_wconf 73' lang='lat' dir='ltr'><strong><em>Vallum</em></strong></span> <span class='ocrx_word' id='word_1_210' title='bbox 363 3292 405 3366; x_wconf 88' lang='lat' dir='ltr'><strong><em>in</em></strong></span> <span class='ocrx_word' id='word_1_211' title='bbox 428 3289 660 3394; x_wconf 82' lang='lat' dir='ltr'><strong><em>Scriptorum</em></strong></span> <span class='ocrx_word' id='word_1_212' title='bbox 677 3296 974 3396; x_wconf 85' lang='lat' dir='ltr'><strong><em>Apostolicorum</em></strong></span> <span class='ocrx_word' id='word_1_213' title='bbox 997 3292 1192 3391; x_wconf 83' lang='lat' dir='ltr'><strong><em>collegium</em></strong></span> <span class='ocrx_word' id='word_1_214' title='bbox 1216 3293 1288 3366; x_wconf 79' lang='lat' dir='ltr'><strong><em>ad·</em></strong></span> 
     </span>
     <span class='ocr_line' id='line_1_31' title="bbox 194 3391 1284 3494; baseline 0.001 -30"><span class='ocrx_word' id='word_1_215' title='bbox 194 3408 362 3494; x_wconf 80' lang='lat' dir='ltr'><strong><em>optatum</em></strong></span> <span class='ocrx_word' id='word_1_216' title='bbox 387 3391 514 3484; x_wconf 84' lang='lat' dir='ltr'><strong><em>soille,</em></strong></span> <span class='ocrx_word' id='word_1_217' title='bbox 549 3395 648 3468; x_wconf 84' lang='lat' dir='ltr'><strong><em>unde</em></strong></span> <span class='ocrx_word' id='word_1_218' title='bbox 672 3397 783 3468; x_wconf 77' lang='lat' dir='ltr'><strong><em>etism</em></strong></span> <span class='ocrx_word' id='word_1_219' title='bbox 802 3395 931 3468; x_wconf 80' lang='lat' dir='ltr'><strong><em>lib.1r.</em></strong></span> <span class='ocrx_word' id='word_1_220' title='bbox 957 3392 1084 3468; x_wconf 86' lang='lat' dir='ltr'><strong><em>Antid.</em></strong></span> <span class='ocrx_word' id='word_1_221' title='bbox 1109 3393 1147 3464; x_wconf 91' lang='lat' dir='ltr'><strong><em>in</em></strong></span> <span class='ocrx_word' id='word_1_222' title='bbox 1167 3395 1284 3490; x_wconf 85' lang='lat' dir='ltr'><strong><em>Pogg.</em></strong></span> 
     </span>
     <span class='ocr_line' id='line_1_32' title="bbox 193 3491 1286 3591; baseline -0.001 -27"><span class='ocrx_word' id='word_1_223' title='bbox 193 3491 373 3591; x_wconf 57' lang='lat' dir='ltr'><strong><em>pugillo.</em></strong></span> <span class='ocrx_word' id='word_1_224' title='bbox 399 3495 597 3584; x_wconf 83' lang='lat' dir='ltr'><strong><em>quemdam</em></strong></span> <span class='ocrx_word' id='word_1_225' title='bbox 619 3522 636 3584; x_wconf 80' lang='lat' dir='ltr'><strong><em>e</em></strong></span> <span class='ocrx_word' id='word_1_226' title='bbox 655 3509 779 3568; x_wconf 78' lang='lat' dir='ltr'><strong><em>nostro</em></strong></span> <span class='ocrx_word' id='word_1_227' title='bbox 800 3501 947 3588; x_wconf 87' lang='lat' dir='ltr'><strong><em>collegio</em></strong></span> <span class='ocrx_word' id='word_1_228' title='bbox 963 3497 1183 3584; x_wconf 77' lang='lat' dir='ltr'><strong><em>Scriptorum</em></strong></span> <span class='ocrx_word' id='word_1_229' title='bbox 1204 3517 1286 3564; x_wconf 88' lang='lat' dir='ltr'><strong><em>me-</em></strong></span> 
     </span>
     <span class='ocr_line' id='line_1_33' title="bbox 193 3589 1285 3695; baseline -0.001 -33"><span class='ocrx_word' id='word_1_230' title='bbox 193 3609 327 3664; x_wconf 78' lang='lat' dir='ltr'><strong><em>moret.</em></strong></span> <span class='ocrx_word' id='word_1_231' title='bbox 378 3596 448 3666; x_wconf 87' lang='lat' dir='ltr'><strong><em>Per</em></strong></span> <span class='ocrx_word' id='word_1_232' title='bbox 476 3593 569 3669; x_wconf 87' lang='lat' dir='ltr'><strong><em>istud</em></strong></span> <span class='ocrx_word' id='word_1_233' title='bbox 597 3613 718 3668; x_wconf 84' lang='lat' dir='ltr'><strong><em>autem</em></strong></span> <span class='ocrx_word' id='word_1_234' title='bbox 738 3595 972 3695; x_wconf 85' lang='lat' dir='ltr'><strong><em>Scriptorum</em></strong></span> <span class='ocrx_word' id='word_1_235' title='bbox 1000 3591 1194 3690; x_wconf 81' lang='lat' dir='ltr'><strong><em>collegium</em></strong></span> <span class='ocrx_word' id='word_1_236' title='bbox 1213 3589 1285 3662; x_wconf 87' lang='lat' dir='ltr'><strong><em>in-</em></strong></span> 
     </span>
     <span class='ocr_line' id='line_1_34' title="bbox 191 3687 1283 3793; baseline 0.001 -31"><span class='ocrx_word' id='word_1_237' title='bbox 191 3688 415 3790; x_wconf 83' lang='lat' dir='ltr'><strong><em>telligendos</em></strong></span> <span class='ocrx_word' id='word_1_238' title='bbox 448 3693 519 3766; x_wconf 80' lang='lat' dir='ltr'><strong><em>&#39;olle</em></strong></span> <span class='ocrx_word' id='word_1_239' title='bbox 554 3695 716 3792; x_wconf 76' lang='lat' dir='ltr'><strong><em>conjicio</em></strong></span> <span class='ocrx_word' id='word_1_240' title='bbox 748 3694 854 3782; x_wconf 88' lang='lat' dir='ltr'><strong><em>illos,</em></strong></span> <span class='ocrx_word' id='word_1_241' title='bbox 898 3695 963 3791; x_wconf 92' lang='lat' dir='ltr'><strong><em>qui</em></strong></span> <span class='ocrx_word' id='word_1_242' title='bbox 992 3693 1102 3793; x_wconf 85' lang='lat' dir='ltr'><strong><em>primi</em></strong></span> <span class='ocrx_word' id='word_1_243' title='bbox 1135 3687 1283 3763; x_wconf 87' lang='lat' dir='ltr'><strong><em>ordinis</em></strong></span> 
     </span>
     <span class='ocr_line' id='line_1_35' title="bbox 192 3791 1284 3894; baseline 0 -30"><span class='ocrx_word' id='word_1_244' title='bbox 192 3791 412 3866; x_wconf 80' lang='lat' dir='ltr'><strong><em>Secretoriis</em></strong></span> <span class='ocrx_word' id='word_1_245' title='bbox 429 3791 651 3894; x_wconf 83' lang='lat' dir='ltr'><strong><em>Apostolicis</em></strong></span> <span class='ocrx_word' id='word_1_246' title='bbox 670 3820 691 3868; x_wconf 86' lang='lat' dir='ltr'><strong><em>o</em></strong></span> <span class='ocrx_word' id='word_1_247' title='bbox 711 3819 821 3868; x_wconf 82' lang='lat' dir='ltr'><strong><em>manu</em></strong></span> <span class='ocrx_word' id='word_1_248' title='bbox 839 3811 943 3882; x_wconf 80' lang='lat' dir='ltr'><strong><em>sunt,</em></strong></span> <span class='ocrx_word' id='word_1_249' title='bbox 968 3810 1005 3866; x_wconf 87' lang='lat' dir='ltr'><strong><em>ct</em></strong></span> <span class='ocrx_word' id='word_1_250' title='bbox 1023 3813 1284 3892; x_wconf 77' lang='lat' dir='ltr'><strong><em>quoscumque</em></strong></span> 
     </span>
     <span class='ocr_line' id='line_1_36' title="bbox 190 3889 1283 3994; baseline 0.003 -34"><span class='ocrx_word' id='word_1_251' title='bbox 190 3889 428 3968; x_wconf 81' lang='lat' dir='ltr'><strong><em>instrumento</em></strong></span> <span class='ocrx_word' id='word_1_252' title='bbox 456 3893 503 3966; x_wconf 83' lang='lat' dir='ltr'><strong><em>ob</em></strong></span> <span class='ocrx_word' id='word_1_253' title='bbox 532 3893 606 3987; x_wconf 81' lang='lat' dir='ltr'><strong><em>illis</em></strong></span> <span class='ocrx_word' id='word_1_254' title='bbox 631 3893 714 3992; x_wconf 85' lang='lat' dir='ltr'><strong><em>jolii</em></strong></span> <span class='ocrx_word' id='word_1_255' title='bbox 741 3903 868 3983; x_wconf 79' lang='lat' dir='ltr'><strong><em>erant,</em></strong></span> <span class='ocrx_word' id='word_1_256' title='bbox 906 3892 1123 3994; x_wconf 74' lang='lat' dir='ltr'><strong><em>pracsertim</em></strong></span> <span class='ocrx_word' id='word_1_257' title='bbox 1152 3889 1283 3963; x_wconf 78' lang='lat' dir='ltr'><strong><em>literas</em></strong></span> 
     </span>
     <span class='ocr_line' id='line_1_37' title="bbox 61 3986 1280 4164; baseline -0.002 -98"><span class='ocrx_word' id='word_1_258' title='bbox 61 4045 68 4060; x_wconf 68' lang='grc'>.</span> <span class='ocrx_word' id='word_1_259' title='bbox 188 3991 370 4094; x_wconf 78' lang='lat' dir='ltr'><strong><em>populor,</em></strong></span> <span class='ocrx_word' id='word_1_260' title='bbox 404 3991 693 4090; x_wconf 73' lang='lat' dir='ltr'><strong><em>describebant,</em></strong></span> <span class='ocrx_word' id='word_1_261' title='bbox 735 3993 836 4072; x_wconf 87' lang='lat' dir='ltr'><strong><em>unde</em></strong></span> <span class='ocrx_word' id='word_1_262' title='bbox 864 4010 1055 4094; x_wconf 77' lang='lat' dir='ltr'><strong><em>tamquam</em></strong></span> <span class='ocrx_word' id='word_1_263' title='bbox 1087 3986 1280 4164; x_wconf 58' lang='lat' dir='ltr'><strong><em>inicgliorio</em></strong></span> 
     </span>
     <span class='ocr_line' id='line_1_38' title="bbox 280 4111 1228 4164; baseline -0.003 1"><span class='ocrx_word' id='word_1_264' title='bbox 280 4117 281 4122; x_wconf 76' lang='grc'>’</span> <span class='ocrx_word' id='word_1_265' title='bbox 1124 4111 1170 4164; x_wconf 74' lang='lat'><strong><em>01⁸</em></strong></span> <span class='ocrx_word' id='word_1_266' title='bbox 1198 4115 1228 4162; x_wconf 81' lang='lat' dir='ltr'><strong><em>i·</em></strong></span> 
     </span>
    </p>
   </div>
   <div class='ocr_carea' id='block_1_3' title="bbox 0 0 1368 4676">
    <p class='ocr_par' dir='ltr' id='par_1_3' title="bbox 0 0 1368 4676">
     <span class='ocr_line' id='line_1_39' title="bbox 0 0 1368 4676; baseline 0 0"><span class='ocrx_word' id='word_1_267' title='bbox 0 0 1368 4676; x_wconf 95' lang='lat' dir='ltr'><strong><em> </em></strong></span> 
     </span>
    </p>
   </div>
  </div>
 </body>
</html>
