2638 4684
105 321 245 374 xes
490 255 998 370 runsrsrrd'

184 525 237 598 ‘vii
275 547 404 606 curam
440 521 632 596 dimittere
668 518 813 594 debuit.
877 521 947 595 His
981 517 1182 594 addendus
1227 533 1289 592 est

142 681 145 688 .
184 623 409 701 JQANNES
423 619 815 712 FREtNSHEMtUS,
839 619 919 719 qui,
947 620 994 690 in·
1007 619 1103 692 notis
1121 615 1169 691 ad
1185 619 1288 690 Cur·

185 717 230 794 tii
257 713 323 791 lib.
341 741 376 789 v.
405 721 625 820 cap.x1.§.
651 727 708 788 1¹1.
737 715 857 790 rerba
889 716 1074 818 quaedam
1106 741 1152 788 ex
1179 715 1286 786 Livii

184 817 403 900 liburni.
429 841 508 918 cap.
529 825 645 886 xxvii.
671 817 708 908 ς.
728 821 763 910 9¹.
794 813 953 888 laudans
975 819 1026 884 od
1049 839 1131 886 eunt
1155 819 1286 886 locum

185 939 225 986 se
246 943 290 986 ex
312 923 490 999 Isocrate,
524 919 708 1002 Cicerone,
745 917 900 1002 Seneca,
939 918 1287 1002 Plutarcb0,-Cns·

186 1019 254 1096 sio,
282 1003 433 1104 otiisqd‘e
450 1019 556 1102 pluro
575 1009 757 1087 daturum
802 1007 957 1086 romisit.
990 1011 1161 1086 Tandem
1178 1012 1289 1116 prio-

182 1113 292 1187 ribus
309 1110 617 1185 adnumerandus
634 1128 690 1186 est
702 1113 763 1183 PE
797 1113 887 1184 RUS
899 1111 1188 1186 LAMBECIUS.
1212 1114 1288 1184 Ca-

182 1211 350 1310 talogum
370 1207 635 1295 caimetarum,
692 1237 763 1283 uae
802 1209 913 1282 artim
930 1207 1166 1308 jamdudum
1180 1210 1288 1284 inte·
1306 1205 1307 1216 ¹

183 1335 251 1412 gre
264 1310 454 1394 absoluta,
479 1307 618 1412 partim
634 1239 690 1382 ad
703 1235 927 1381 umbilicum
946 1307 1062 1383 ferme
1079 1308 1285 1413 perducta,

186 1425 227 1484 et
246 1409 382 1510 exiguo
403 1407 580 1509 temporis
599 1433 615 1479 s
667 1407 719 1480 tio
738 1405 966 1480 absolvenda
987 1407 1284 1510 sperare'jubet,

112 1501 120 1512 ⁸
178 1506 391 1582 Prodromo
413 1505 601 1580 Historiae
617 1433 810 1580 iberniae
829 1503 1081 1608 subjungens,
1106 1524 1287 1582 recenset

179 1605 288 1682 inter
306 1607 378 1680 alia
397 1611 577 1701 Anotysio
600 1622 634 1679 et
653 1611 789 1693 detecto
810 1611 1039 1697 publicorum
1061 1617 1286 1679 Praetectio·

180 1726 273 1780 num
300 1715 334 1780 in
358 1713 516 1795 primam
545 1711 686 1779 decada
716 1710 889 1779 historiae
913 1715 1099 1779 Romanae
1125 1715 1160 1780 T.
1185 1715 1286 1780 Livii

73 1865 78 1873 .
184 1833 270 1879 curis
289 1813 541 1902 ·Gnomologin
572 1813 887 1880 Eetion-Potitios
918 1823 951 1880 et
981 1811 1173 1882 adcuratis
1206 1818 1284 1880 sin·

181 1916 355 2002 gulosum
395 1913 569 1984 librorum
613 1915 758 1982 Tabulis
792 1911 1069 2005 Cbronotogicis.
1127 1913 1284 1984 Verum

168 2009 339 2082 ¹utillum
362 2007 532 2083 omnium
556 2007 707 2083 illorum
730 2035 775 2083 ex
792 2009 1005 2082 carceribus
1029 2037 1072 2081 ac
1091 2007 1284 2094 claustris,

63 2149 64 2154 =
186 2108 329 2208 quibus
351 2110 539 2210 suppressi
560 2107 801 2196 detinentur,
842 2107 1001 2182 eruendi
1026 2125 1063 2182 et
1088 2108 1128 2180 in
1150 2110 1283 2206 lucem

181 2203 402 2309 proferendi
427 2207 657 2304 occasionem
680 2219 866 2311 umquam
889 2208 1055 2284 nancisci
1079 2207 1203 2313 potui.

260 2406 402 2481 Ultima
427 2429 534 2484 nuno
560 2434 646 2512 pars
671 2435 819 2496 eorum,
855 2407 1066 2511 dequibus
1089 2435 1150 2483 me
1170 2423 1284 2480 actu·
1307 2471 1308 2480 ,

184 2531 274 2585 rum
294 2506 334 2580 in
354 2507 462 2582 initio
481 2504 595 2606 hujus
615 2507 784 2612 adloquii
805 2509 978 2612 promisi,
1002 2524 1194 2612 superest,
1223 2505 1284 2579 id·

187 2633 265 2710 que
287 2613 422 2692 r‘estat,
453 2625 498 2680 ut
515 2609 712 2682 Lectorem
735 2606 908 2694 dducam,
965 2609 1076 2682 uibus
1099 2605 1283 2682 subsidiis

125 2735 132 2750 ³
181 2707 397 2782 instructus
430 2705 521 2780 huic
554 2705 713 2780 editioni
745 2635 1008 2811 procruunilae
1043 2731 1178 2780 manus
1212 2703 1283 2778 ad-

184 2805 388 2890 moverim,
415 2803 587 2908 quidque
610 2805 649 2878 iu
672 2835 713 2880 ea
762 2823 923 2882 raestare
947 2818 1104 2880 conatus
1125 2803 1282 2888 fuerim,

186 2921 225 2980 et
256 2929 369 3004 quam
397 2903 622 2980 methodum
650 2906 691 2978 iu
718 2834 822 2981 llbtis
850 2904 1089 2981 observarim.
1143 2903 1284 2998 Quum

184 3004 524 3110 praestantissimae
542 3005 577 3075 J.
600 3007 629 3076 F
630 3033 660 3080 r.
679 3004 867 3079 Gronovii
890 3005 1065 3080 editionis
1085 3004 1284 3088 Livianae,

189 3103 258 3176 lilii
280 3103 414 3174 Jacobi
438 3127 528 3176 cura
550 3108 651 3183 anno
670 3104 1163 3207 clolocuxx11.repetitae,
1190 3104 1285 3175 nul-

186 3201 268 3276 lum
292 3199 360 3275 diu
385 3201 575 3305 exemplar
603 3203 643 3276 in
668 3203 963 3307 bibliopolarum
984 3202 1150 3276 tabernis
1169 3229 1286 3304 repe·

185 3301 264 3388 riti,
291 3317 340 3388 et,
367 3300 397 3374 si
417 3301 559 3375 alicubi
577 3303 712 3377 uenale
731 3319 958 3388 occtrrreret,
984 3303 1174 3376 carissimo
1193 3329 1287 3404 pre-

178 3399 239 3475 'tio
266 3399 380 3476 rendi
411 3400 681 3486 observassem,
719 3429 881 3504 eamque
911 3403 961 3476 ob
988 3427 1158 3476 caussam
1188 3427 1287 3474 cum

217 3499 350 3574 uadem
389 3527 558 3574 mearum
592 3503 897 3576 Aunotationum
932 3501 1143 3576 accessione
1178 3525 1288 3574 eam·

185 3525 274 3672 dem
299 3598 567 3704 typographis,
603 3615 648 3674 ut
679 3602 829 3676 iterum·
844 3600 975 3674 formis
1001 3599 1287 3696 describerent,

179 3697 337 3773 'tradere
369 3700 668 3802 proposuissem,
716 3717 806 3774 ante
841 3701 969 3774 omnia
1001 3700 1092 3773 mibi
1127 3727 1289 3803 operam

186 3794 350 3872 dandam
372 3823 450 3872 esse
470 3810 577 3873 ratus
597 3823 703 3884 sum,
740 3816 785 3875 ut
806 3796 952 3872 codices
969 3799 1150 3874 Historici
1173 3799 1288 3871 istius

184 3895 323 3982 Mnus,
363 3925 386 3970 a
447 3898 611 3972 rioribus
640 3899 850 3973 editoribus
882 3897 1056 3972 nondum
1088 3922 1288 3980 excussas,

184 3994 247 4071 vel
276 4021 371 4102 quos
431 3998 478 4070 iri
497 3997 616 4074 'Docti
649 3999 822 4103 malignis
853 4015 1069 4111 temporum
1099 3995 1290 4101 angustiis
