2638 4684
282 325 374 400 ΑΒ
426 319 878 451 ΒΕΟΤΟΗΕΙΜ.
1018 351 1154 410 cmm
1261 331 1265 343 '

733 481 810 492 .—

54 552 191 656 passim
222 551 394 654 graviter
424 551 551 654 lapsus
584 565 661 640 est,
700 565 739 624 et
768 551 956 667 plurimos
987 549 1156 632 foedissi-

54 679 212 754 mosque
244 677 392 725 errores
423 649 623 725 commisit.
673 649 796 726 Movit
826 677 868 728 ea
903 679 963 728 nes
988 653 1155 730 Clarissi-

53 779 160 826 mum
185 749 450 837 Crevierium,
482 767 546 836 ut,
581 777 701 853 quum
735 751 912 826 eumdem
944 751 1051 826 Livio
1084 779 1154 829 suo

53 849 291 950 subjungere
317 849 590 932 constituisset,
620 847 878 936 utilissimam,
911 849 994 936 sed,
1021 875 1155 965 quem·

53 949 265 1022 admodum
284 965 461 1032 testatur,
487 949 677 1023 molestiae
697 965 735 1022 et
757 949 870 1024 taedii
891 950 1154 1056 plenissimam,

52 1075 210 1152 operam
235 1047 292 1122 illi
316 1045 555 1152 inpenderet.
605 1048 694 1142 Quo
720 1047 925 1124 defunctus
950 1077 990 1126 se
1015 1053 1153 1128 cavisse

52 1147 250 1251 professus
279 1163 352 1232 est,
392 1165 439 1222 ut
463 1163 573 1222 antea
603 1145 742 1222 ibidem
771 1149 903 1222 omissa
929 1175 1002 1252 sup
1032 1149 1153 1227 leren-

50 1267 140 1334 tur,
172 1246 269 1320 falsa
291 1247 520 1322 tollerentur
539 1261 607 1320 aut
625 1249 921 1334 immutarentur,
947 1176 1043 1322 male
1063 1277 1153 1324 con·

53 1347 139 1422 tusa
162 1345 514 1446 distinguerentur,
540 1371 584 1420 ao
607 1371 802 1450 perperam
827 1345 945 1421 divisa
970 1348 1152 1423 inunum

52 1443 403 1547 conjungerentur,
454 1445 588 1542 Quum
622 1463 752 1520 antem
784 1445 1008 1548 ambiguum
1042 1473 1153 1553 saepe
1193 1512 1198 1529 ,

53 1547 333 1646 incertumque
355 1543 473 1633 foret,
512 1559 551 1620 et
600 1573 707 1620 arum
731 1571 775 1620 ex
801 1544 955 1620 historia
980 1565 1153 1624 constare

52 1661 201 1750 posset,
228 1661 365 1721 utrum
386 1673 526 1722 nomen
546 1573 726 1750 aliquod,
751 1646 970 1760 praesertim
990 1643 1153 1722 hominis

54 1771 133 1818 non
154 1741 363 1818 admodum
382 1745 538 1829 nobilis,
564 1745 677 1820 variis
697 1747 789 1820 locas
810 1771 1032 1838 occurrens,
1060 1773 1154 1822 sem·

53 1871 124 1948 per
155 1843 279 1918 unius
313 1841 560 1948 ejusdemque
588 1845 658 1930 sit,
701 1871 750 1920 an
782 1871 875 1920 vero
908 1845 987 1921 duo
1022 1843 1153 1920 eodem

54 1947 214 2018 nomine
239 1941 409 2044 insigniti
436 1943 595 2049 intelligi
619 1942 803 2030 debeant,
843 1943 1001 2050 insuper
1021 1947 1153 2020 Lecto-

55 2071 136 2120 rem
159 2042 354 2119 monitum
376 2043 519 2132 voluit,
544 2071 584 2122 se
606 2047 706 2122 hano
728 2046 846 2148 legem
868 2060 1040 2121 secutum
1064 2053 1152 2128 esse,

54 2163 99 2219 ut
124 2145 201 2222 uni
233 2143 381 2218 nomini
413 2171 456 2220 ea
487 2161 634 2220 tantum
666 2143 935 2248 subjungeret,
976 2171 1076 2258 quae
1105 2143 1154 2219 nd

54 2241 155 2320 illud
179 2257 287 2318 certo
306 2244 563 2346 pertinerent3
600 2249 630 2320 si
660 2273 749 2322 vero
771 2271 830 2320 res
852 2245 1011 2320 obscura
1035 2243 1152 2332 soret,

54 2345 131 2420 dno
158 2341 317 2418 nomina
342 2359 512 2446 poneret.
573 2343 777 2448 Quidquid
800 2343 917 2447 igitur
940 2343 1013 2418 sub
1034 2343 1152 2418 unius

54 2443 224 2520 nominis
253 2441 550 2546 praescriptione
579 2446 741 2548 legitur,
775 2441 814 2516 id
845 2443 916 2518 sibi
949 2441 998 2518 ad
1030 2467 1153 2518 unum

55 2545 252 2618 hominem
281 2543 473 2644 pertinere
507 2541 630 2619 visum
660 2569 758 2620 esse:
803 2560 843 2617 at
872 2541 978 2660 quod
1005 2541 1152 2620 induo

55 2643 239 2730 nomina,
279 2641 359 2714 sive
390 2641 432 2715 in
462 2639 557 2718 duos
582 2643 783 2734 articulos,
820 2641 986 2718 divisum
1012 2641 1153 2746 reperi·

55 2759 140 2824 tnr,
168 2741 208 2814 id
233 2766 315 2814 non
339 2739 523 2817 continuo
543 2741 790 2844 judicandum
810 2768 906 2829 esse,
931 2767 970 2818 se
992 2741 1040 2817 ad
1057 2741 1153 2816 duos

52 2841 270 2916 necessario
295 2838 464 2914 diversos
487 2844 670 2918 retulisse.
734 2843 939 2928 Laborem,
971 2869 1085 2948 quem
1109 2842 1155 2916 in

53 2939 129 3014 hoc
149 2941 299 3042 Augiae
316 2937 466 3014 stabulo
487 2939 727 3046 repurgando
747 2943 820 3018 Vir
837 2939 1070 3018 Clarissimus
1091 2967 1154 3016 ex·

54 3039 210 3128 hausit,
244 3063 337 3112 cum
358 3037 566 3138 gratiarum
586 3042 735 3118 actione
758 3043 801 3116 in
822 3067 904 3115 rem
927 3067 1050 3116 meam
1070 3067 1154 3115 ver-

54 3141 109 3227 ti,
148 3157 189 3212 et
219 3137 333 3241 jussi,
373 3152 417 3209 ut
446 3136 614 3216 Iudicem
648 3138 697 3212 ab
732 3169 776 3218 eo
808 3140 1081 3246 interpolatum
1115 3155 1156 3214 et

54 3239 309 3314 emendatum
348 3239 670 3354 typographorum
708 3267 845 3345 operae
880 3257 1151 3343 sequerentur3

55 3339 109 3413 ita
140 3355 293 3422 tamen,
325 3353 371 3410 ut
395 3363 474 3440 ipse
497 3340 607 3413 etiam
631 3341 860 3442 symbolam,
886 3364 1003 3440 quam
1026 3338 1153 3442 potui,

57 3437 264 3513 conterens
298 3437 427 3510 multis
460 3438 598 3514 iterum
631 3439 804 3542 partibus
838 3437 1012 3514 eumdem
1041 3454 1153 3511 antea

58 3537 317 3624 emendarim,
352 3561 397 3610 ac
424 3539 652 3640 supplerim,
686 3565 804 3642 quae,
839 3537 944 3640 quod
973 3539 1014 3610 in
1044 3535 1154 3610 simili

59 3665 102 3712 re
132 3637 315 3712 facillime
346 3633 503 3710 evenire
532 3661 639 3740 posse
666 3636 883 3722 oonseutio,
920 3636 1153 3711 Clarissimus

59 3736 276 3814 Cpetierius
302 3736 446 3810 intacta
473 3737 738 3838 praeterierat,
771 3739 833 3812 vel
861 3735 998 3811 addere
1021 3735 1154 3810 omise-

58 3853 131 3912 rat.
189 3839 277 3912 Non
305 3853 436 3909 tamma
459 3835 750 3911 existimandum
773 3853 850 3924 est,
886 3861 946 3911 me
968 3833 1016 3910 de
1043 3833 1154 3908 mdu·

60 3937 149 4011 stria
176 3965 221 4012 ao
246 3935 376 4012 dedita
406 3959 430 4006 o
482 3961 523 4009 ra
551 3937 731 4012 universo
757 3935 852 4012 huie
878 3933 1006 4010 ludici*
1031 3957 1155 4008 enten-

62 4033 184 4116 dando
202 4038 402 4118 intentum
441 4033 552 4112 uisse:
587 4035 742 4116 sienim
763 4037 923 4144 pistrino
948 4061 1010 4108 mo
1031 4031 1155 4107 inclu-
