2638 4684
177 297 304 352 cmm
484 276 954 355 PRAEFATIO

175 505 367 591 billonius,
404 514 441 574 cl
466 509 503 575 io
533 529 577 576 co
602 511 719 596 plura
739 518 949 579 memorolu
979 513 1091 602 digno
1119 513 1295 597 reperit,

176 609 364 678 Aooleclia
391 610 468 678 ruia
495 609 735 694 postmodum
757 611 919 695 io·serlo;
958 612 1022 678 scd
1045 633 1144 680 nouo
1173 629 1295 696 aupe-

176 710 284 776 riorie
316 711 428 776 seculi
456 714 690 799 nonogesimo
723 716 874 798 septimo
907 711 1071 778 incendio
1104 711 1293 800 quodum

167 805 286 890 scioli
306 817 407 876 tolus
432 810 491 876 ille
509 812 614 894 periit
633 811 843 884 thesaurus.
895 811 1025 899 lloquo
1041 811 1202 892 frustra
1233 810 1292 876 od

174 910 295 994 iprum
316 911 511 977 Liuianum
536 909 698 978 codicem
718 931 969 983 recurremus:
995 911 1179 980 standum
1203 910 1291 976 ocio

166 1010 277 1078 'uobis
300 997 354 1078 esi
369 1007 449 1090 side
472 1009 690 1080 llloclriooo.
753 1013 952 1081 Enimvero
980 1013 1125 1079 nullum
1152 1017 1291 1097 polest

172 1127 251 1176 esee
275 1108 457 1196 dubiumr
488 1111 571 1196 quio
595 1113 793 1202 genuinum
817 1112 953 1180 sithoc
981 1113 1050 1178 Titi
1074 1113 1173 1180 Livii
1193 1111 1304 1192 fro-¹

169 1218 382 1300 gmeolum5
420 1207 535 1296 quum
561 1219 595 1277 cl
618 1214 727 1280 stilus
748 1217 798 1281 eit
817 1231 953 1300 purus,
986 1215 1170 1300 planeque
1198 1215 1304 1280 nevi*

168 1312 269 1380 illius
298 1319 410 1400 alque
431 1313 618 1396 auctoris,
656 1321 692 1380 et
718 1315 798 1396 ipso
827 1314 994 1380 narratio
1022 1313 1129 1381 robur
1160 1316 1288 1404 gestis

169 1422 372 1507 congruam
412 1430 568 1498 quorum
599 1421 800 1498 utrumque
829 1414 980 1494 frustm
1014 1435 1038 1481 o
1068 1412 1284 1481 Monoclris

166 1511 247 1594 eius
271 1515 443 1599 temporis
462 1515 750 1597 exspectavimus.
812 1514 1036 1600 Exemplum
1065 1532 1154 1580 sone
1182 1517 1282 1581 llio-

166 1613 365 1698 akranam,
398 1613 433 1680 in
464 1634 536 1700 quo
568 1621 741 1682 occurote
772 1613 1005 1684 &seruolum
1038 1613 1279 1700 deprehendo

164 1715 279 1799 ipsius
297 1713 434 1782 codicis
453 1717 582 1781 celeria
604 1713 920 1804 orthographiam,
948 1735 1015 1782 uos
1039 1715 1143 1783 docet
1152 1764 1168 1802 ‚
1199 1735 1278 1782 oon

163 1819 236 1883 uisi
261 1825 342 1900 post
365 1818 530 1883 seculum
558 1835 696 1884 oooum
724 1824 921 1883 exaratum
942 1817 1063 1897 fuisso
1087 1815 1155 1882 looc
1181 1815 1274 1882 MS.

100 1983 105 1993 ,
162 1919 236 1984 illis
262 1919 435 1985 nimirum
465 1917 707 2002 temporibus,
744 1917 878 2003 quibus
909 1916 1151 2009 diphthongos
1186 1935 1276 2003 pro·

163 2022 320 2100 scriptos
341 2026 492 2102 norunt,
521 2021 583 2104 qui
599 2018 830 2108 frequentius
853 2025 975 2090 uetera
995 2015 1108 2103 hujus
1125 2019 1273 2110 generis

167 2131 406 2188 monumento
431 2121 630 2188 excutiunt.

246 2311 354 2388 Idem
387 2311 461 2386 hoc
488 2315 761 2416 Fragmentum
789 2311 922 2389 eodem
947 2313 1066 2389 senne
1092 2328 1272 2418 tempore

164 2407 402 2488 Clarissimus
426 2411 688 2518 Schoepssinus
714 2413 828 2487 etiam
843 2413 1151 2487 communicavit
1174 2437 1268 2486 cnm

162 2507 427 2586 celeberrimo
451 2529 569 2614 atque
604 2513 737 2586 inclito
774 2512 839 2586 illo
872 2514 1056 2588 Virorum
1086 2511 1266 2586 doctrina

164 2623 203 2680 et
239 2610 457 2687 eruditione
493 2612 534 2685 in
565 2613 724 2685 Francia
757 2612 1037 2687 Excellentium
1071 2609 1268 2712 Collegio,

163 2705 270 2808 quod
296 2709 537 2786 Academiam
562 2710 715 2812 Regiam
746 2710 1038 2814 inscriptionum
1070 2728 1109 2786 cl
1135 2711 1268 2784 litera-

159 2831 251 2880 rum
279 2805 551 2884 humaniorum
579 2811 752 2886 Lutetiae
781 2811 1010 2884 Parisiorum
1040 2809 1266 2900 constituit3

159 2899 344 3007 ejusque,
381 2910 422 2983 in
450 2907 555 3026 guod
581 2909 661 3013 ipse
692 2911 806 2985 etiam
833 2909 1133 2994 adiecturum,
1173 2935 1265 2983 cen·

129 3077 132 3087 ,
161 3027 274 3080 sume
296 3025 528 3083 sententiam
554 3034 660 3084 suam
689 3007 737 3085 de
762 3010 836 3086 hoc
861 3008 1092 3111 fragmento,
1126 3007 1263 3112 genui-

161 3127 259 3177 num
284 3105 383 3182 illud
410 3135 455 3182 ac
479 3134 567 3184 vere
586 3109 790 3183 Livianum
816 3135 914 3194 csse,
947 3106 1123 3210 subjecit.
1173 3105 1262 3179 Jam

161 3226 266 3290 mox,
293 3231 417 3306 quum
441 3207 539 3282 illud
565 3209 606 3284 in
631 3207 948 3284 Academicorum
973 3233 1149 3284 consessu
1226 3233 1262 3278 r·
1303 3241 1304 3246 ¹

160 3299 369 3400 legeretur,
408 3331 489 3382 uon
520 3306 729 3384 admodum
760 3307 926 3408 benigne
959 3304 1009 3382 de
1040 3333 1084 3382 eo
1112 3305 1155 3409 jn
1185 3307 1262 3379 ica-

161 3415 246 3474 lum
272 3419 350 3492 est,
386 3425 423 3484 el
453 3409 585 3512 plures
611 3434 745 3484 eorum
771 3434 811 3482 se
835 3405 938 3479 varia
964 3404 1012 3480 de
1040 3404 1260 3482 rehendissc
1303 3425 1304 3434 ¹

159 3501 306 3605 opinati
331 3523 442 3594 sunt,
471 3534 570 3610 quae
592 3507 835 3600 efficiebant,
863 3533 912 3580 ne
938 3505 985 3579 ad
1011 3433 1166 3580 Bivium
1191 3529 1258 3577 au·

159 3617 304 3676 ctorem
336 3605 469 3683 referri
504 3623 640 3710 posset.
705 3606 845 3680 Omnia
882 3631 973 3680 vero
1009 3619 1257 3706 argumenta,

158 3699 301 3805 quibus
364 3707 500 3809 uisque
536 3735 558 3780 a
593 3733 633 3782 se
666 3705 809 3782 dictam
843 3705 1070 3782 sentenciam
1105 3703 1258 3777 firmare

158 3817 318 3876 conatus
336 3732 482 3892 iuerat,
518 3806 676 3882 collecta
700 3807 741 3880 in
766 3807 937 3878 chartam
963 3801 1194 3906 conjiciendi
1218 3813 1257 3876 el

156 3895 299 4001 junctis
322 3905 421 3994 suis,
448 3935 549 4024 quae
574 3903 827 4006 diligentioris
853 3905 1034 3982 examinis
1060 3902 1256 3977 occasione

154 4017 291 4106 sponte
301 4007 589 4088 subnascrtmae
600 4021 722 4093 eram,
736 4003 1065 4084 observationibus
1075 3997 1255 4110 Schoepi·
