2628 4690
104 303 142 368 D.
150 297 592 368 GuonG.uouu0F1us
604 319 648 364 mc
660 297 917 368 Ptuuvtutu.
926 297 1115 372 umus.
1142 299 1181 366 bs

84 501 148 567 bus,
172 505 213 562 iis
234 507 361 566 artibus
376 527 561 584 generosam
577 501 616 564 il·
651 513 741 578 sunts
770 525 891 575 uerum,
919 507 1001 582 quod
1022 529 1091 568 uere
1114 529 1187 584 pru·

84 573 141 644 loru¹
159 583 297 633 mentem
310 579 499 652 permissisti,
517 587 550 634 ul
568 577 614 633 di·
651 575 753 634 clentis
774 587 803 636 el
825 579 1066 636 Arcisiieclunici
1089 591 1186 646 erut.

82 647 222 699 sinaeum
254 645 532 734 humanarumque
569 666 616 732 re·
649 649 717 717 ipse
743 645 923 734 clarissima
947 649 981 732 in
1008 647 1125 712 oculis.
1151 653 1186 706 in

81 718 616 860 tsn222521ffiittiz„if,'tttzt
652 715 887 856 &ilidii-⁸,
902 725 1189 862 titttttfftts

82 851 134 908 illa
159 851 267 910 literis
294 855 438 914 attulisse
464 857 615 914 uideatur.
653 873 703 910 mo
723 863 899 930 agnoscunt
913 857 1096 928 Principes,
1116 857 1188 914 luu-

82 923 132 977 Ert
144 942 214 980 uero
228 927 358 998 generis
372 943 408 982 ns
429 927 617 984 eruditionis
653 925 732 980 dunt
754 927 857 992 Ciues.
875 926 979 985 escteri
997 928 1187 992 imilantur‚

81 1001 164 1048 tanta
190 995 225 1048 in
253 993 297 1052 'l'e
324 997 535 1061 conspiratio,
565 999 633 1058 ut‚¹
651 995 767 1066 posteri
781 995 993 1052 admirantur.
1016 997 1103 1072 Quae
1121 1015 1190 1054 cuns

81 1080 144 1116 sum
160 1060 221 1117 alii
242 1059 293 1120 uel
314 1059 615 1138 Nobilitatisoffice·
652 1063 798 1120 omnibus
827 1073 975 1138 expertae
996 1074 1189 1137 perspectae-

80 1151 109 1186 re
133 1129 310 1189 luminibus
329 1133 455 1204 literas,
486 1152 522 1191 ns
546 1151 615 1206 pro·
651 1147 708 1202 que
729 1133 856 1191 uirtutes
881 1137 961 1200 sint,
995 1137 1048 1190 uis
1073 1138 1192 1192 inuenit

80 1207 178 1272 pterea
189 1203 447 1270 contemnendos,
459 1203 615 1262 arbitren·
651 1205 686 1258 in
698 1201 867 1261 Germania
881 1203 1085 1260 doctissimus
1101 1207 1201 1280 inge:

81 1281 144 1334 tur,
164 1269 211 1327 vel
229 1271 290 1328 levi
310 1291 417 1331 eorum
435 1271 536 1330 colore
556 1276 615 1330 tin·
653 1273 776 1326 uiarum
810 1275 997 1328 aestimator
1019 1273 1191 1342 Risimus,

81 1344 118 1394 cti
130 1352 325 1412 arroganter
339 1353 369 1400 et
385 1345 492 1414 inepte
507 1341 544 1398 de
554 1351 618 1400 stu·
652 1337 1031 1415 praeterlioineburgium
1047 1352 1076 1399 ct
1096 1343 1191 1400 Forsi-

80 1411 137 1467 diis
156 1411 362 1486 ingeniisque
380 1411 545 1484 judicent,
571 1411 618 1468 Tu
653 1427 780 1476 nerum,
801 1411 855 1476 (at
872 1429 945 1482 quos
973 1413 1100 1480 i'irosi)
1119 1429 1192 1486 quus
1232 1463 1239 1476 ,

80 1480 262 1536 admirabili
287 1481 417 1538 solertia
442 1481 477 1536 id
501 1499 617 1538 asseru-
653 1486 755 1534 tecum
776 1479 970 1552 conferrem
986 1481 1190 1540 contenderet·

78 1558 125 1604 tus
139 1551 201 1608 sis.
230 1558 267 1606 ut
283 1549 424 1622 quotibet
443 1553 476 1606 in
495 1558 564 1607 arte
581 1571 618 1610 oc
654 1548 745 1616 liilsil
765 1565 825 1620 ego
847 1568 930 1606 nunc
951 1549 1021 1608 dico
1036 1550 1074 1608 de
1088 1552 1190 1624 sarni·

79 1617 246 1707 disciplina
275 1620 361 1675 ultra
395 1621 564 1692 magistros
590 1641 617 1676 e·
653 1615 852 1675 linritotibus
871 1618 1074 1694 Principum,
1101 1621 1192 1696 quia

77 1690 149 1745 tiam
164 1691 252 1760 ipsos
276 1691 400 1762 sapias,
432 1698 460 1745 et
481 1693 618 1747 censoris
658 1687 701 1744 Te
716 1685 798 1745 uelut
819 1687 956 1746 Orncuio
972 1707 1120 1760 responso
1139 1708 1191 1746 eu·

77 1761 168 1815 etiam
190 1765 302 1829 partes
322 1761 477 1816 sustinere
501 1759 614 1828 possis.
653 1765 815 1828 spectaui:
842 1758 923 1814 nihil
944 1757 982 1814 sie
1004 1760 1125 1816 meritis
1146 1759 1192 1815 dt.

78 1825 185 1884 Felices
210 1825 292 1884 olim
322 1835 406 1884 artes
430 1825 615 1898 'pronuncia-
653 1843 742 1892 cam,
762 1827 870 1898 quibus
891 1826 1112 1898 Respnttinn.
1134 1827 1192 1884 Ec·

77 1898 128 1952 bat
154 1895 288 1957 Fabius.
317 1897 397 1954 side
418 1898 457 1954 iis
477 1899 617 1954 nonnisi
653 1891 783 1962 sicsine,
815 1895 1015 1960 Academias,
1056 1897 1192 1956 Senator

77 1965 213 2032 “lllfim
244 1963 448 2040 judicarent.-
469 1964 619 2038 selicissi.
655 1963 725 2020 Tibi
741 1965 958 2032 obstrinxisti,
978 1985 1109 2040 qttorttttt
1123 1987 1193 2056 pet·-

76 2053 139 2090 mos
155 2051 228 2090 esse
251 2055 320 2091 cum
339 2036 461 2090 artibus
482 2037 621 2094 doctores
655 2042 748 2102 petua
766 2037 922 2092 inGiuium
937 2043 1059 2092 tuarum
1075 2041 1193 2096 anemis

75 2107 243 2167 existimo,
275 2106 327 2176 qui
341 2103 512 2178 'l'eTuique
532 2108 618 2163 simi·
650 2107 807 2161 'memoria
829 2104 980 2162 haerebit.
1020 2105 1107 2180 Quas
1131 2131 1147 2166 e
1173 2127 1191 2163 a

76 2174 120 2230 les
135 2173 264 2248 judices
286 2177 498 2245 experiuntur.
536 2171 619 2232 Nam
655 2189 770 2230 cousus
785 2171 965 2240 habuerim,
993 2173 1192 2236 cur'i'ibisn·

74 2243 408 2316 uiisomineimperito
423 2240 619 2301 nibilestin-
655 2239 821 2299 scriberem
847 2241 1008 2310 libellum,
1034 2247 1087 2316 qui
1108 2247 1193 2304 inter

70 2312 207 2388 justiuss
228 2309 616 2385 itannllamay'orerudi·
654 2311 837 2382 quotidiana
873 2331 976 2368 rerum
1011 2323 1190 2374 nostrorum

75 2387 115 2438 tis
131 2381 279 2439 accidere
294 2381 461 2438 calamitas
479 2389 507 2438 et
522 2381 618 2440 mole-
654 2379 760 2437 taedia
778 2381 811 2436 irs
830 2377 930 2438 lucem
946 2389 1109 2454 protrusus
1127 2392 1190 2452 est,

72 2455 135 2508 stin
160 2459 284 2523 potest,
310 2469 402 2523 quom
428 2453 468 2507 ab
494 2451 619 2507 inscitia
645 2447 749 2520 facile
764 2451 832 2521 quis
850 2450 1066 2526 augurabitur·
1092 2453 1191 2528 Quem

75 2522 279 2586 Censorinus,
309 2523 360 2606 qui
383 2530 488 2578 tamen
515 2537 618 2590 super·
654 2521 736 2576 enirn
756 2517 954 2578 tantillustre
971 2523 1043 2578 etin
1062 2521 1120 2582 boe
1135 2540 1191 2599 ge·

73 2589 218 2646 cilioeuo
232 2609 342 2646 omnen
354 2591 531 2647 metiuntur.
549 2589 619 2646 Pri·
654 2593 738 2645 neris
763 2587 926 2658 splendore
948 2591 1016 2646 sine
1047 2593 1189 2669 exemplo

74 2669 164 2715 raiae
191 2657 271 2716 illae
292 2661 325 2715 in
361 2659 408 2732 'l'e⁸
433 2661 562 2717 Virtutes
590 2667 619 2716 et
653 2660 807 2716 eruditum
826 2659 944 2716 Nomen
970 2679 1034 2716 nan
1055 2659 1189 2734 petteee.

74 2730 166 2785 Artes
186 2736 280 2792 sunte
306 2730 365 2784 etsi
386 2725 469 2784 ultra
484 2731 618 2800 priuata·
655 2727 721 2785 riti
740 2727 867 2784 Accedit
870 2727 965 2799 fauor
975 2727 1031 2786 ille
1047 2739 1120 2788 tuus
1136 2751 1188 2791 ex·

73 2818 142 2856 rum
178 2805 209 2853 et
236 2797 398 2854 bominum
429 2799 476 2854 tui
497 2797 619 2856 ordinis
652 2799 759 2860 imius‚
779 2815 836 2868 quo
848 2815 897 2853 me
914 2817 976 2854 nan
993 2799 1091 2856 uisum
1108 2819 1188 2857 cam·

73 2875 202 2923 sortem.
247 2865 314 2922 sed
347 2867 444 2923 enitet
479 2867 618 2924 erenste-
651 2866 745 2939 plecti
767 2883 829 2920 non
853 2885 885 2922 cs
913 2865 986 2923 dedi
1012 2877 1128 2934 natus,
1158 2877 1187 2930 ei

75 2939 199 2994 ctoniea
218 2931 279 2992 illa
299 2937 450 2998 scientia,
474 2955 551 3007 quae
570 2939 616 2992 irs-
653 2937 783 2994 honesta
803 2933 862 2990 illa
881 2935 919 2994 de
933 2886 1049 2996 studiis
1062 2941 1139 2996 meis
1156 2959 1189 2997 ο.

73 3013 121 3064 ter
139 3009 255 3061 aetatis
271 3013 397 3063 nostrae
415 3003 535 3064 Heroas
557 3005 615 3062 To·
651 3008 757 3078 pinio,
776 3003 813 3060 de
830 3021 888 3075 qua
906 3009 1028 3063 amicus
1042 3017 1143 3067 noster
1157 3017 1188 3068 et

72 3083 170 3148 gatos
193 3073 239 3130 Te
251 3078 386 3148 reponit.
416 3073 490 3146 Quis
508 3078 614 3144 nescit,
650 3079 733 3132 inter
742 3073 932 3132 Academiae
947 3077 1119 3146 lipsiensis
1134 3075 1185 3136 cie.

72 3161 169 3216 quam
197 3141 397 3200 salutaribus
423 3149 468 3204 Tu
493 3143 613 3203 Princi·
649 3163 723 3202 corn
741 3145 851 3200 merito
870 3143 1081 3202 nominandus
1100 3145 1182 3204 Clar.

71 3233 146 3286 pum
170 3213 399 3270 Germanorum
432 3214 522 3274 aulus
548 3233 611 3272 mo·
650 3211 1062 3286 MENCKENWScopiose
1080 3217 1184 3274 adme

71 3284 150 3338 aitis
168 3281 384 3338 instruxeris?
413 3303 539 3358 quorum
555 3286 613 3340 im·
648 3283 879 3356 perscripserat.
920 3281 987 3358 Quo
1007 3281 1124 3355 iudicio
1148 3292 1184 3342 ui

70 3348 210 3420 parandi
227 3361 311 3408 artes
331 3369 400 3410 cuns
417 3355 460 3410 ad
476 3353 611 3426 pruden·
647 3373 696 3410 me
723 3369 785 3408 non
815 3350 1010 3409 mediocriter
1034 3362 1184 3412 ornatum

70 3423 135 3478 tiae
168 3427 248 3476 tuoe
275 3425 426 3480 amussim
457 3425 610 3494 exegisti,
646 3419 812 3494 intelliga,·
847 3422 894 3476 ita
919 3421 972 3478 bis
996 3429 1181 3496 quamquain

70 3493 148 3548 etin
190 3491 351 3556 nandum,
379 3491 608 3558 utitadicam,
646 3483 1183 3568 tenuibusofficiisuoluntatemgra·

71 3507 612 3634 discipb'numconrpegistiTequa·
645 3571 770 3630 tumque
789 3561 928 3615 animum
948 3561 1104 3618 remetior.
1143 3561 1184 3618 Si
1213 3607 1221 3622 J

70 3633 98 3686 si
119 3632 314 3702 magistrum
331 3631 484 3700 quendam
503 3639 532 3686 et
555 3648 610 3685 an·
644 3627 720 3686 libri
739 3637 959 3698 argumentum
978 3631 1180 3701 spectaueris‚

70 3701 275 3773 tesignunum
294 3697 429 3765 babent,
455 3719 541 3774 quern
564 3719 608 3754 re·
646 3716 741 3770 neque
766 3700 823 3754 isus
849 3699 916 3756 Tuo
935 3701 1069 3758 Nomine
1097 3701 1180 3758 tndt·
1243 3713 1254 3726 “

72 3771 229 3840 spiciunt,
248 3769 301 3840 qui
317 3766 498 3843 Principum
519 3766 610 3825 rebus
643 3785 741 3843 gnum
765 3769 833 3826 erit.
873 3769 922 3826 De
946 3769 1100 3826 sermonis
1115 3770 1178 3829 lio·

71 3845 244 3910 praesunt,
272 3837 423 3911 siquidem
443 3840 476 3896 in
497 3834 563 3909 ejus
579 3843 609 3893 et
644 3837 749 3902 mani,
780 3837 831 3909 nui
847 3835 1033 3904 Consulum,
1052 3841 1104 3910 qui
1116 3839 1179 3897 Pu·

73 3905 282 3978 Reipublicae
326 3907 461 3966 salutem
504 3926 610 3966 omnes
644 3907 827 3970 tricinium,
860 3907 912 3978 qui
924 3907 1067 3978 Equitum
1088 3915 1179 3971 erat.

72 3995 142 4037 suas
176 3993 273 4032 euros
302 3975 460 4052 defigunt.
506 3979 610 4046 Neque
645 3976 762 4042 nitore,
780 3993 874 4047 quam
899 3977 1108 4034 urbanitatem
1131 3977 1178 4034 cli·

72 4045 246 4120 praeceptis
267 4045 313 4102 Tu
332 4053 460 4104 tantam
477 4045 610 4104 disertus
644 4063 727 4110 mere,
746 4044 951 4116 disquiritur:
970 4047 1103 4103 Liuium.
1123 4045 1177 4104 lii·
1288 4051 1291 4058 '

73 4125 100 4171 et
125 4135 277 4181 canorus,
303 4125 341 4172 nt
358 4115 452 4172 multi
474 4115 609 4186 pbiloso-
644 4115 826 4170 storicorum
851 4112 1068 4170 Romanorum
1084 4113 1177 4172 Prin-

72 4188 132 4257 ΡΜ
158 4188 335 4257 sententia,
369 4188 489 4262 ignaua
515 4200 610 4260 opera
645 4183 763 4256 cipem‚
782 4183 924 4312 epjiunsum
941 4184 1101 4300 Equitem,
1123 4182 1178 4238 ad·
