2638 4684
187 263 245 324 m
423 199 996 342 'rasurarro,
1113 257 1116 263 ·

185 467 368 560 Puteanei
388 465 543 540 nomine
564 479 695 554 notus,
721 493 829 540 nunc
850 468 1000 541 Parisiis
1028 469 1071 542 in
1096 453 1297 548 ditissima

184 592 230 640 ac
249 565 503 671 copiosissima
523 564 632 666 Regis
652 565 834 640 Franciae
856 567 1087 642 bibliotheca
1105 567 1298 642 adserva-

144 679 149 692 ·
184 681 267 740 tur:
305 691 404 767 qno,
437 653 656 765 maiusculis
676 663 814 750 literis,
845 683 883 742 et
907 667 1020 772 plane
1043 668 1190 770 quibus
1212 668 1298 739 cla-

184 787 250 839 rus
275 765 341 840 ille
361 755 604 838 Florentinus
626 789 674 834 ex
692 763 828 839 Pisano
847 765 1071 852 Pandectes,
1108 781 1308 860 exarato,v

138 889 144 903 ⁴
184 863 232 938 de
251 863 338 938 Tito
356 864 464 952 Livio
484 860 583 934 nibil
606 887 677 936 nec
700 863 899 964 antiquius
921 888 992 938 nec
1015 865 1183 938 sanctius
1207 861 1308 954 Emi

185 989 318 1067 ropam
347 961 556 1049 custodire,
584 961 623 1034 J.
645 963 708 1035 Fr.
727 961 947 1038 Gronovius
975 962 1018 1036 in
1042 957 1308 1052 Praefationev

71 1143 73 1154 ,
185 1089 273 1148 vere
314 1077 472 1138 testatus
512 1077 581 1134 est.
645 1061 832 1158 Quamvis
873 1070 1004 1136 autem
1040 1061 1295 1138 Gronovium

184 1160 377 1266 duplicem
400 1158 482 1260 ejus
506 1159 765 1246 collationem,
801 1188 970 1264 quarum
1000 1157 1157 1235 alteram
1189 1159 1292 1264 ipse,

106 1281 109 1351 ζ
183 1263 342 1335 alteram
370 1260 587 1345 Salmasius,
625 1259 702 1334 duo
731 1261 774 1334 in
797 1259 870 1336 hoc
898 1258 1020 1336 stadio
1050 1259 1308 1352 exercitatis-3

151 1431 153 1434 .
182 1359 264 1435 simi
283 1361 444 1450 Herses,
472 1358 733 1446 confecerant,
758 1359 976 1436 adhibuisse
999 1385 1197 1446 noveram,
1223 1362 1292 1433 ni-

181 1457 388 1535 hilominus
415 1473 542 1534 tamen
568 1458 622 1534 sic
648 1460 760 1534 etiam
783 1486 843 1534 mc
867 1485 1005 1564 operae
1028 1458 1211 1562 pretium
1227 1459 1308 1534 fau

184 1574 340 1634 cturum
359 1559 634 1646 existimabam,
658 1559 693 1634 si
709 1559 844 1634 tertius
864 1555 1047 1635 accedens
1071 1557 1133 1632 vel
1151 1558 1290 1662 ipsum
1307 1571 1308 1658 J

78 1685 82 1712 =
182 1658 294 1734 illum
315 1658 534 1734 thesaurum
555 1657 686 1752 denuo
709 1659 950 1748 excutiendi,
983 1675 1021 1734 et
1040 1655 1090 1732 ad
1109 1657 1308 1754 singulos?

182 1757 379 1834 literarum
407 1757 548 1834 ductus
579 1784 624 1832 ac
652 1758 830 1833 minimos
864 1757 946 1860 ejus
982 1758 1105 1862 apices
1144 1751 1308 1836 adun-¹

180 1851 297 1932 dendi
317 1857 552 1934 occasionem
572 1855 734 1944 habere,
768 1859 831 1932 vel
852 1861 972 1935 alium
992 1859 1035 1932 in
1060 1856 1133 1932 hoc
1155 1861 1308 1958 curri,

180 1957 268 2033 culo
298 1957 417 2061 probe
448 1971 638 2032 versatum
668 1957 843 2034 invenire
875 1983 1042 2063 possem,
1108 1957 1148 2032 ui
1181 1959 1308 2050 mihi}

182 2055 362 2133 vicariam
395 2057 495 2132 hanc
529 2083 685 2172 operam
721 2076 934 2162 praestare,
964 2074 1021 2140 ,et
1059 1984 1201 2134 liboris
1238 2087 1308 2144 ac,

168 2155 372 2236 ,molestiae
408 2157 664 2262 plenissimam
695 2157 932 2260 'provinciam
967 2157 1010 2232 in
1043 2157 1287 2259 reipublicae

183 2256 370 2330 literariae
392 2257 598 2340 utilitatem
622 2261 747 2357 at'que‘
759 2253 877 2358 hujus
901 2255 1080 2332 editionis
1101 2259 1221 2334 decus
1245 2275 1308 2350 et,

184 2374 446 2430 ornamentum
468 2355 658 2458 suscipere
677 2357 809 2432 vellet:
835 2356 1057 2460 praesertim
1074 2376 1287 2530 postquam
1307 2401 1308 2438 ,

143 2513 145 2520 .
183 2481 231 2528 ex
251 2455 332 2529 Viri
351 2454 554 2530 Clarissimi
576 2472 692 2556 atque
710 2454 964 2530 Eruditissimi
982 2456 1077 2530 Clau
1105 2459 1131 2532 ii
1149 2457 1288 2534 Sallie-
1307 2459 1308 2502 l

184 2551 252 2641 rii,
288 2581 405 2656 quem
434 2554 482 2630 de
510 2550 739 2656 quibusdam
767 2553 925 2632 minoris
951 2558 1149 2646 momenti,
1183 2585 1287 2658 quo·

185 2680 271 2726 rum
297 2653 444 2754 pullam
468 2653 574 2758 apud
591 2651 834 2731 Gronovium
855 2655 1090 2732 mentionem
1112 2657 1288 2760 reperie-

185 2751 290 2840 bam,
325 2755 610 2840 consulueram,
644 2781 822 2858 responso
843 2781 927 2857 spes
950 2753 1048 2830 sacta
1069 2773 1184 2844 esset,
1218 2783 1308 2856 me3

184 2851 344 2952 aliquod
365 2853 603 2956 spicilegium
630 2852 761 2930 lectori
784 2883 863 2931 non
884 2854 1077 2956 ingratum
1098 2883 1170 2932 nec
1192 2855 1288 2930 inu·

95 2955 97 2964 ’
186 2951 252 3025 tile
277 2953 541 3043 collecturum.
591 2953 724 3048 Quum
753 2955 871 3058 igitur
899 2953 976 3056 jam
1004 2954 1130 3029 animo
1161 2955 1288 3055 agita-

185 3076 287 3134 rem,
312 3079 391 3152 qua
412 3051 558 3127 ratione
580 3053 658 3126 voti
678 3080 826 3158 compos
848 3053 990 3144 fierem,
1017 3070 1066 3137 et,
1092 3051 1308 3155 quoniam³

186 3149 258 3250 ipsi
278 3150 371 3224 mihi
390 3168 547 3254 propter
567 3151 720 3256 publica
741 3170 779 3228 et
797 3151 1000 3230 domestica
1019 3143 1059 3228 in
1088 3153 1288 3230 edimenta

185 3250 376 3324 Lutetiam
401 3277 602 3328 excurrere
628 3280 707 3329 non
730 3252 892 3340 licebat,
924 3253 1043 3330 alium
1060 3179 1170 3330 lllstis
1196 3271 1308 3328 ver-3

186 3347 311 3423 sanclis
333 3367 371 3428 et
391 3347 629 3426 conferendis
651 3349 853 3426 adsuetum
872 3379 985 3456 prece
1008 3353 1069 3430 vel
1090 3353 1216 3458 pretio
1235 3353 1289 3428 ad

186 3447 286 3524 vices
318 3476 420 3526 meas
452 3449 670 3528 subeundas
704 3449 886 3529 inducere
913 3479 1082 3556 possem,
1108 3471 1308 3556 repente}

187 3549 325 3622 certior
345 3549 467 3625 factus
488 3577 595 3640 sum,
630 3549 928 3628 Celeberrimum
948 3551 1206 3640 Crevierium,
1244 3553 1308 3628 in,

187 3649 390 3724 consilium
421 3648 600 3750 adhibitis
631 3677 696 3728 sex
728 3651 953 3754 pluribusve
981 3653 1062 3726 aliis
1088 3651 1288 3728 Univcrsi-

187 3747 273 3823 tatis
294 3749 481 3824 Parisinae
503 3749 776 3826 Prol'essoribus
796 3751 949 3826 Livium
968 3751 1111 3828 collatis
1133 3751 1287 3826 viribus

186 3843 405 3922 adcuratius
443 3849 686 3927 emendatum
724 3848 860 3927 edendi
896 3851 1098 3928 consilium
1128 3852 1287 3954 cepisse.

187 3946 289 4036 Hinc
315 3945 425 4026 facile
451 3951 546 4028 mihi
569 3949 820 4056 persuadens,
848 3953 989 4028 Virum
1013 3948 1285 4038 Clarissimum,
