<?xml version="1.0" encoding="UTF-8"?>
<!DOCTYPE html PUBLIC "-//W3C//DTD XHTML 1.0 Transitional//EN"
    "http://www.w3.org/TR/xhtml1/DTD/xhtml1-transitional.dtd">
<html xmlns="http://www.w3.org/1999/xhtml" xml:lang="en" lang="en">
 <head>
  <title>
</title>
<meta http-equiv="Content-Type" content="text/html;charset=utf-8" />
  <meta name='ocr-system' content='tesseract 3.04.00' />
  <meta name='ocr-capabilities' content='ocr_page ocr_carea ocr_par ocr_line ocrx_word'/>
</head>
<body>
  <div class='ocr_page' id='page_1' title='image "./tliviipatavinih08livygoog_0040.png"; bbox 0 0 2726 4676; ppageno 0'>
   <div class='ocr_carea' id='block_1_1' title="bbox 326 209 1195 288">
    <p class='ocr_par' dir='ltr' id='par_1_1' title="bbox 326 209 1195 288">
     <span class='ocr_line' id='line_1_1' title="bbox 326 209 1195 288; baseline 0.006 -4"><span class='ocrx_word' id='word_1_1' title='bbox 326 209 432 284; x_wconf 77' lang='lat' dir='ltr'>AD</span> <span class='ocrx_word' id='word_1_2' title='bbox 484 211 931 288; x_wconf 82' lang='lat' dir='ltr'>LECTOREM.</span> <span class='ocrx_word' id='word_1_3' title='bbox 1110 240 1195 288; x_wconf 84' lang='lat' dir='ltr'>mr</span> 
     </span>
    </p>
   </div>
   <div class='ocr_carea' id='block_1_2' title="bbox 611 367 1186 386">
    <p class='ocr_par' dir='ltr' id='par_1_2' title="bbox 611 367 1186 386">
     <span class='ocr_line' id='line_1_2' title="bbox 611 367 1186 386; baseline 0.01 -12"><span class='ocrx_word' id='word_1_4' title='bbox 611 367 851 378; x_wconf 81' lang='grc'>.......-....--</span> <span class='ocrx_word' id='word_1_5' title='bbox 858 371 891 378; x_wconf 69' lang='grc'>.-</span> <span class='ocrx_word' id='word_1_6' title='bbox 900 371 905 376; x_wconf 98' lang='grc'>.</span> <span class='ocrx_word' id='word_1_7' title='bbox 915 369 1186 386; x_wconf 66' lang='lat' dir='ltr'><em>---—-—---a-..</em></span> 
     </span>
    </p>
   </div>
   <div class='ocr_carea' id='block_1_3' title="bbox 78 419 1270 4144">
    <p class='ocr_par' dir='ltr' id='par_1_3' title="bbox 78 419 1270 4144">
     <span class='ocr_line' id='line_1_3' title="bbox 99 419 1197 510; baseline 0.004 -4"><span class='ocrx_word' id='word_1_8' title='bbox 99 443 224 506; x_wconf 79' lang='lat' dir='ltr'>molter</span> <span class='ocrx_word' id='word_1_9' title='bbox 258 442 364 506; x_wconf 79' lang='lat' dir='ltr'>aiios</span> <span class='ocrx_word' id='word_1_10' title='bbox 396 458 495 506; x_wconf 83' lang='lat' dir='ltr'>setae</span> <span class='ocrx_word' id='word_1_11' title='bbox 526 442 660 508; x_wconf 83' lang='lat' dir='ltr'>aetatis</span> <span class='ocrx_word' id='word_1_12' title='bbox 692 419 1050 508; x_wconf 75' lang='lat' dir='ltr'>docnsrtmos&#39;airos</span> <span class='ocrx_word' id='word_1_13' title='bbox 1083 461 1197 510; x_wconf 80' lang='lat' dir='ltr'>nesea</span> 
     </span>
     <span class='ocr_line' id='line_1_4' title="bbox 87 535 1197 634; baseline 0.002 -26"><span class='ocrx_word' id='word_1_14' title='bbox 87 541 200 622; x_wconf 76' lang='lat' dir='ltr'>faisse</span> <span class='ocrx_word' id='word_1_15' title='bbox 223 537 368 610; x_wconf 83' lang='lat' dir='ltr'>Facias</span> <span class='ocrx_word' id='word_1_16' title='bbox 397 535 596 628; x_wconf 81' lang='lat' dir='ltr'>adfirmat3</span> <span class='ocrx_word' id='word_1_17' title='bbox 638 536 723 608; x_wconf 88' lang='lat' dir='ltr'>huic</span> <span class='ocrx_word' id='word_1_18' title='bbox 753 539 833 634; x_wconf 84' lang='lat' dir='ltr'>ejus</span> <span class='ocrx_word' id='word_1_19' title='bbox 860 537 1109 610; x_wconf 77' lang='lat' dir='ltr'>criminationi</span> <span class='ocrx_word' id='word_1_20' title='bbox 1137 565 1197 610; x_wconf 87' lang='lat' dir='ltr'>re·</span> 
     </span>
     <span class='ocr_line' id='line_1_5' title="bbox 88 635 1195 738; baseline 0.003 -29"><span class='ocrx_word' id='word_1_21' title='bbox 88 636 276 738; x_wconf 75' lang='lat' dir='ltr'>spondeus</span> <span class='ocrx_word' id='word_1_22' title='bbox 297 635 415 710; x_wconf 80' lang='lat' dir='ltr'>Valla</span> <span class='ocrx_word' id='word_1_23' title='bbox 433 636 501 706; x_wconf 87' lang='lat' dir='ltr'>lib.</span> <span class='ocrx_word' id='word_1_24' title='bbox 513 663 560 708; x_wconf 83' lang='lat' dir='ltr'>rr.</span> <span class='ocrx_word' id='word_1_25' title='bbox 579 636 777 708; x_wconf 80' lang='lat' dir='ltr'>Recrimin.</span> <span class='ocrx_word' id='word_1_26' title='bbox 794 639 830 708; x_wconf 93' lang='lat' dir='ltr'>in</span> <span class='ocrx_word' id='word_1_27' title='bbox 845 641 992 712; x_wconf 80' lang='lat' dir='ltr'>Faciam</span> <span class='ocrx_word' id='word_1_28' title='bbox 1010 663 1093 738; x_wconf 82' lang='lat' dir='ltr'>pag.</span> <span class='ocrx_word' id='word_1_29' title='bbox 1107 642 1195 712; x_wconf 78' lang='lat' dir='ltr'>dor.</span> 
     </span>
     <span class='ocr_line' id='line_1_6' title="bbox 89 737 1196 836; baseline 0 -26"><span class='ocrx_word' id='word_1_30' title='bbox 89 737 195 820; x_wconf 86' lang='lat' dir='ltr'>dicit,</span> <span class='ocrx_word' id='word_1_31' title='bbox 223 737 407 814; x_wconf 76' lang='lat' dir='ltr'>codicem</span> <span class='ocrx_word' id='word_1_32' title='bbox 434 737 648 824; x_wconf 80' lang='lat' dir='ltr'>Livianum,</span> <span class='ocrx_word' id='word_1_33' title='bbox 674 739 895 812; x_wconf 85' lang='lat' dir='ltr'>Petrarchae</span> <span class='ocrx_word' id='word_1_34' title='bbox 914 765 1022 810; x_wconf 85' lang='lat' dir='ltr'>manu</span> <span class='ocrx_word' id='word_1_35' title='bbox 1040 738 1196 836; x_wconf 82' lang='lat' dir='ltr'>diiigen-</span> 
     </span>
     <span class='ocr_line' id='line_1_7' title="bbox 90 835 1195 936; baseline 0 -26"><span class='ocrx_word' id='word_1_36' title='bbox 90 837 215 910; x_wconf 75' lang='lat' dir='ltr'>tiffime</span> <span class='ocrx_word' id='word_1_37' title='bbox 239 837 517 924; x_wconf 84' lang='lat' dir='ltr'>emendatum,</span> <span class='ocrx_word' id='word_1_38' title='bbox 557 837 622 934; x_wconf 88' lang='lat' dir='ltr'>qui</span> <span class='ocrx_word' id='word_1_39' title='bbox 644 835 801 936; x_wconf 77' lang='lat' dir='ltr'>Neapoli</span> <span class='ocrx_word' id='word_1_40' title='bbox 831 847 1017 926; x_wconf 79' lang='lat' dir='ltr'>serrator,</span> <span class='ocrx_word' id='word_1_41' title='bbox 1054 855 1195 910; x_wconf 86' lang='lat' dir='ltr'>utrum·</span> 
     </span>
     <span class='ocr_line' id='line_1_8' title="bbox 88 935 1195 1036; baseline 0.005 -30"><span class='ocrx_word' id='word_1_42' title='bbox 88 961 181 1036; x_wconf 86' lang='lat' dir='ltr'>que,</span> <span class='ocrx_word' id='word_1_43' title='bbox 201 937 377 1032; x_wconf 73' lang='lat' dir='ltr'>Panium</span> <span class='ocrx_word' id='word_1_44' title='bbox 404 955 445 1008; x_wconf 86' lang='lat' dir='ltr'>et</span> <span class='ocrx_word' id='word_1_45' title='bbox 465 937 739 1024; x_wconf 87' lang='lat' dir='ltr'>Panormitam,</span> <span class='ocrx_word' id='word_1_46' title='bbox 770 935 918 1030; x_wconf 79' lang='lat' dir='ltr'>ridiffa;</span> <span class='ocrx_word' id='word_1_47' title='bbox 956 939 1195 1012; x_wconf 85' lang='lat' dir='ltr'>Petrareham</span> 
     </span>
     <span class='ocr_line' id='line_1_9' title="bbox 82 1035 1194 1136; baseline 0.002 -28"><span class='ocrx_word' id='word_1_48' title='bbox 82 1063 173 1108; x_wconf 78' lang='lat' dir='ltr'>vero</span> <span class='ocrx_word' id='word_1_49' title='bbox 195 1037 234 1106; x_wconf 89' lang='lat' dir='ltr'>in</span> <span class='ocrx_word' id='word_1_50' title='bbox 255 1035 462 1110; x_wconf 83' lang='lat' dir='ltr'>nonnullis</span> <span class='ocrx_word' id='word_1_51' title='bbox 484 1035 645 1124; x_wconf 78' lang='lat' dir='ltr'>felicem,</span> <span class='ocrx_word' id='word_1_52' title='bbox 659 1036 697 1106; x_wconf 91' lang='lat' dir='ltr'>in</span> <span class='ocrx_word' id='word_1_53' title='bbox 714 1035 902 1108; x_wconf 82' lang='lat' dir='ltr'>nonnullis</span> <span class='ocrx_word' id='word_1_54' title='bbox 921 1037 1060 1136; x_wconf 82' lang='lat' dir='ltr'>lapsum</span> <span class='ocrx_word' id='word_1_55' title='bbox 1078 1037 1194 1126; x_wconf 71' lang='lat' dir='ltr'>satire,</span> 
     </span>
     <span class='ocr_line' id='line_1_10' title="bbox 82 1135 1194 1216; baseline -0.001 -7"><span class='ocrx_word' id='word_1_56' title='bbox 82 1135 123 1209; x_wconf 87' lang='lat' dir='ltr'>in</span> <span class='ocrx_word' id='word_1_57' title='bbox 156 1137 354 1208; x_wconf 82' lang='lat' dir='ltr'>nonnullis</span> <span class='ocrx_word' id='word_1_58' title='bbox 385 1163 429 1206; x_wconf 87' lang='lat' dir='ltr'>se</span> <span class='ocrx_word' id='word_1_59' title='bbox 459 1136 661 1208; x_wconf 86' lang='lat' dir='ltr'>remedium</span> <span class='ocrx_word' id='word_1_60' title='bbox 688 1163 764 1208; x_wconf 92' lang='lat' dir='ltr'>non</span> <span class='ocrx_word' id='word_1_61' title='bbox 794 1137 959 1210; x_wconf 77' lang='lat' dir='ltr'>invenire</span> <span class='ocrx_word' id='word_1_62' title='bbox 991 1137 1194 1216; x_wconf 80' lang='lat' dir='ltr'>eonieffom</span> 
     </span>
     <span class='ocr_line' id='line_1_11' title="bbox 83 1235 1195 1324; baseline 0.001 -16"><span class='ocrx_word' id='word_1_63' title='bbox 83 1237 181 1308; x_wconf 77' lang='lat' dir='ltr'>effe:</span> <span class='ocrx_word' id='word_1_64' title='bbox 207 1238 422 1310; x_wconf 85' lang='lat' dir='ltr'>Guarinum</span> <span class='ocrx_word' id='word_1_65' title='bbox 441 1237 480 1306; x_wconf 91' lang='lat' dir='ltr'>in</span> <span class='ocrx_word' id='word_1_66' title='bbox 499 1237 603 1308; x_wconf 82' lang='lat' dir='ltr'>Livio</span> <span class='ocrx_word' id='word_1_67' title='bbox 621 1237 852 1308; x_wconf 87' lang='lat' dir='ltr'>emendando</span> <span class='ocrx_word' id='word_1_68' title='bbox 869 1235 1085 1324; x_wconf 68' lang='lat' dir='ltr'>elaborate,</span> <span class='ocrx_word' id='word_1_69' title='bbox 1108 1237 1195 1309; x_wconf 85' lang='lat' dir='ltr'>Hie·</span> 
     </span>
     <span class='ocr_line' id='line_1_12' title="bbox 86 1337 1192 1436; baseline 0.003 -30"><span class='ocrx_word' id='word_1_70' title='bbox 86 1363 281 1434; x_wconf 64' lang='lat' dir='ltr'>ronpmpm</span> <span class='ocrx_word' id='word_1_71' title='bbox 311 1338 403 1436; x_wconf 85' lang='lat' dir='ltr'>ejus</span> <span class='ocrx_word' id='word_1_72' title='bbox 425 1338 554 1425; x_wconf 80' lang='lat' dir='ltr'>filium,</span> <span class='ocrx_word' id='word_1_73' title='bbox 580 1355 686 1436; x_wconf 88' lang='lat' dir='ltr'>patre</span> <span class='ocrx_word' id='word_1_74' title='bbox 706 1337 771 1408; x_wconf 85' lang='lat' dir='ltr'>ilio</span> <span class='ocrx_word' id='word_1_75' title='bbox 792 1337 952 1430; x_wconf 78' lang='lat' dir='ltr'>dignum,</span> <span class='ocrx_word' id='word_1_76' title='bbox 979 1339 1192 1410; x_wconf 81' lang='lat' dir='ltr'>adfirmares</span> 
     </span>
     <span class='ocr_line' id='line_1_13' title="bbox 86 1435 1190 1536; baseline 0.001 -30"><span class='ocrx_word' id='word_1_77' title='bbox 86 1436 327 1508; x_wconf 85' lang='lat' dir='ltr'>Leonardurn</span> <span class='ocrx_word' id='word_1_78' title='bbox 342 1438 542 1508; x_wconf 84' lang='lat' dir='ltr'>Aretinnm</span> <span class='ocrx_word' id='word_1_79' title='bbox 563 1437 600 1508; x_wconf 83' lang='lat' dir='ltr'>ia</span> <span class='ocrx_word' id='word_1_80' title='bbox 620 1437 737 1536; x_wconf 87' lang='lat' dir='ltr'>ipsum</span> <span class='ocrx_word' id='word_1_81' title='bbox 752 1435 913 1522; x_wconf 73' lang='lat' dir='ltr'>teotass‘e,</span> <span class='ocrx_word' id='word_1_82' title='bbox 943 1463 1086 1508; x_wconf 87' lang='lat' dir='ltr'>manum</span> <span class='ocrx_word' id='word_1_83' title='bbox 1102 1439 1190 1534; x_wconf 88' lang='lat' dir='ltr'>ejus,</span> 
     </span>
     <span class='ocr_line' id='line_1_14' title="bbox 90 1535 1194 1633; baseline 0.002 -27"><span class='ocrx_word' id='word_1_84' title='bbox 90 1563 185 1633; x_wconf 84' lang='lat' dir='ltr'>quae</span> <span class='ocrx_word' id='word_1_85' title='bbox 202 1537 238 1606; x_wconf 90' lang='lat' dir='ltr'>in</span> <span class='ocrx_word' id='word_1_86' title='bbox 259 1537 378 1608; x_wconf 77' lang='lat' dir='ltr'>Livio</span> <span class='ocrx_word' id='word_1_87' title='bbox 405 1536 629 1624; x_wconf 82' lang='lat' dir='ltr'>ostenditur,</span> <span class='ocrx_word' id='word_1_88' title='bbox 661 1535 867 1608; x_wconf 80' lang='lat' dir='ltr'>testimonio</span> <span class='ocrx_word' id='word_1_89' title='bbox 890 1537 979 1610; x_wconf 80' lang='lat' dir='ltr'>effe:</span> <span class='ocrx_word' id='word_1_90' title='bbox 1018 1541 1194 1612; x_wconf 83' lang='lat' dir='ltr'>Carnium</span> 
     </span>
     <span class='ocr_line' id='line_1_15' title="bbox 86 1633 1193 1735; baseline -0.002 -25"><span class='ocrx_word' id='word_1_91' title='bbox 86 1637 272 1724; x_wconf 77' lang='lat' dir='ltr'>Cinciam,</span> <span class='ocrx_word' id='word_1_92' title='bbox 300 1638 515 1734; x_wconf 76' lang='lat' dir='ltr'>Poggium,</span> <span class='ocrx_word' id='word_1_93' title='bbox 545 1633 725 1723; x_wconf 73' lang='lat' dir='ltr'>Plotium,</span> <span class='ocrx_word' id='word_1_94' title='bbox 761 1635 929 1735; x_wconf 86' lang='lat' dir='ltr'>aliosque</span> <span class='ocrx_word' id='word_1_95' title='bbox 953 1635 1088 1708; x_wconf 79' lang='lat' dir='ltr'>multos</span> <span class='ocrx_word' id='word_1_96' title='bbox 1108 1636 1193 1710; x_wconf 66' lang='lat'>1²10·</span> 
     </span>
     <span class='ocr_line' id='line_1_16' title="bbox 79 1737 1194 1833; baseline -0.002 -25"><span class='ocrx_word' id='word_1_97' title='bbox 79 1738 229 1808; x_wconf 74' lang='lat' dir='ltr'>tentiae</span> <span class='ocrx_word' id='word_1_98' title='bbox 250 1756 397 1833; x_wconf 83' lang='lat' dir='ltr'>rogatu</span> <span class='ocrx_word' id='word_1_99' title='bbox 420 1737 630 1810; x_wconf 85' lang='lat' dir='ltr'>Cardinaiis</span> <span class='ocrx_word' id='word_1_100' title='bbox 651 1737 870 1822; x_wconf 83' lang='lat' dir='ltr'>Columnae,</span> <span class='ocrx_word' id='word_1_101' title='bbox 899 1763 970 1808; x_wconf 85' lang='lat' dir='ltr'>nna</span> <span class='ocrx_word' id='word_1_102' title='bbox 996 1763 1077 1807; x_wconf 88' lang='lat' dir='ltr'>cum</span> <span class='ocrx_word' id='word_1_103' title='bbox 1103 1741 1194 1806; x_wconf 79' lang='lat' dir='ltr'>Leo·</span> 
     </span>
     <span class='ocr_line' id='line_1_17' title="bbox 80 1836 1193 1936; baseline 0.001 -29"><span class='ocrx_word' id='word_1_104' title='bbox 80 1837 234 1924; x_wconf 81' lang='lat' dir='ltr'>nardo,</span> <span class='ocrx_word' id='word_1_105' title='bbox 270 1837 450 1924; x_wconf 80' lang='lat' dir='ltr'>Livium,</span> <span class='ocrx_word' id='word_1_106' title='bbox 493 1855 675 1936; x_wconf 88' lang='lat' dir='ltr'>quatenus</span> <span class='ocrx_word' id='word_1_107' title='bbox 704 1855 933 1936; x_wconf 85' lang='lat' dir='ltr'>potuerunt,</span> <span class='ocrx_word' id='word_1_108' title='bbox 969 1836 1193 1908; x_wconf 82' lang='lat' dir='ltr'>emcndaffet</span> 
     </span>
     <span class='ocr_line' id='line_1_18' title="bbox 78 1937 1193 2034; baseline -0.002 -27"><span class='ocrx_word' id='word_1_109' title='bbox 78 1939 264 2032; x_wconf 77' lang='lat' dir='ltr'>Poggium</span> <span class='ocrx_word' id='word_1_110' title='bbox 285 1937 489 2024; x_wconf 78' lang='lat' dir='ltr'>dictitare,</span> <span class='ocrx_word' id='word_1_111' title='bbox 516 1964 556 2008; x_wconf 89' lang='lat' dir='ltr'>se</span> <span class='ocrx_word' id='word_1_112' title='bbox 578 1937 820 2034; x_wconf 76' lang='lat' dir='ltr'>quadraginta</span> <span class='ocrx_word' id='word_1_113' title='bbox 842 1937 914 2033; x_wconf 87' lang='lat' dir='ltr'>jam</span> <span class='ocrx_word' id='word_1_114' title='bbox 932 1961 1051 2008; x_wconf 89' lang='lat' dir='ltr'>annos</span> <span class='ocrx_word' id='word_1_115' title='bbox 1069 1961 1193 2006; x_wconf 82' lang='lat' dir='ltr'>ernen-</span> 
     </span>
     <span class='ocr_line' id='line_1_19' title="bbox 84 2035 1193 2136; baseline -0.001 -29"><span class='ocrx_word' id='word_1_116' title='bbox 84 2037 212 2108; x_wconf 81' lang='lat' dir='ltr'>daodo</span> <span class='ocrx_word' id='word_1_117' title='bbox 233 2037 366 2120; x_wconf 82' lang='lat' dir='ltr'>Livio,</span> <span class='ocrx_word' id='word_1_118' title='bbox 398 2055 577 2134; x_wconf 87' lang='lat' dir='ltr'>quantum</span> <span class='ocrx_word' id='word_1_119' title='bbox 603 2062 669 2134; x_wconf 88' lang='lat' dir='ltr'>per</span> <span class='ocrx_word' id='word_1_120' title='bbox 690 2037 780 2108; x_wconf 83' lang='lat' dir='ltr'>aliae</span> <span class='ocrx_word' id='word_1_121' title='bbox 800 2035 1060 2136; x_wconf 80' lang='lat' dir='ltr'>occupationes</span> <span class='ocrx_word' id='word_1_122' title='bbox 1076 2037 1193 2124; x_wconf 67' lang='lat' dir='ltr'>iicet,</span> 
     </span>
     <span class='ocr_line' id='line_1_20' title="bbox 88 2135 1191 2234; baseline 0.005 -30"><span class='ocrx_word' id='word_1_123' title='bbox 88 2162 242 2232; x_wconf 85' lang='lat' dir='ltr'>operam</span> <span class='ocrx_word' id='word_1_124' title='bbox 268 2135 437 2208; x_wconf 80' lang='lat' dir='ltr'>dediffe:</span> <span class='ocrx_word' id='word_1_125' title='bbox 476 2137 580 2234; x_wconf 87' lang='lat' dir='ltr'>ipsos</span> <span class='ocrx_word' id='word_1_126' title='bbox 604 2137 712 2207; x_wconf 87' lang='lat' dir='ltr'>etiam</span> <span class='ocrx_word' id='word_1_127' title='bbox 735 2135 987 2222; x_wconf 73' lang='lat' dir='ltr'>adversarios,</span> <span class='ocrx_word' id='word_1_128' title='bbox 1022 2155 1059 2206; x_wconf 88' lang='lat' dir='ltr'>ct</span> <span class='ocrx_word' id='word_1_129' title='bbox 1080 2139 1191 2208; x_wconf 81' lang='lat' dir='ltr'>daco·</span> 
     </span>
     <span class='ocr_line' id='line_1_21' title="bbox 82 2230 1190 2332; baseline 0.004 -28"><span class='ocrx_word' id='word_1_130' title='bbox 82 2233 176 2304; x_wconf 84' lang='lat' dir='ltr'>bom</span> <span class='ocrx_word' id='word_1_131' title='bbox 195 2237 377 2322; x_wconf 82' lang='lat' dir='ltr'>Corium,</span> <span class='ocrx_word' id='word_1_132' title='bbox 406 2235 650 2308; x_wconf 85' lang='lat' dir='ltr'>communiter</span> <span class='ocrx_word' id='word_1_133' title='bbox 673 2230 840 2306; x_wconf 85' lang='lat' dir='ltr'>codicem</span> <span class='ocrx_word' id='word_1_134' title='bbox 858 2235 995 2332; x_wconf 83' lang='lat' dir='ltr'>regiam</span> <span class='ocrx_word' id='word_1_135' title='bbox 1019 2237 1064 2308; x_wconf 84' lang='lat' dir='ltr'>de</span> <span class='ocrx_word' id='word_1_136' title='bbox 1091 2237 1190 2308; x_wconf 64' lang='lat' dir='ltr'>batto</span> 
     </span>
     <span class='ocr_line' id='line_1_22' title="bbox 79 2335 1270 2435; baseline -0.001 -30"><span class='ocrx_word' id='word_1_137' title='bbox 79 2335 229 2408; x_wconf 81' lang='lat' dir='ltr'>Patrico</span> <span class='ocrx_word' id='word_1_138' title='bbox 254 2337 447 2422; x_wconf 84' lang='lat' dir='ltr'>secundo,</span> <span class='ocrx_word' id='word_1_139' title='bbox 475 2361 585 2435; x_wconf 88' lang='lat' dir='ltr'>quern</span> <span class='ocrx_word' id='word_1_140' title='bbox 609 2336 642 2406; x_wconf 90' lang='lat' dir='ltr'>ei</span> <span class='ocrx_word' id='word_1_141' title='bbox 664 2339 718 2406; x_wconf 80' lang='lat' dir='ltr'>vir</span> <span class='ocrx_word' id='word_1_142' title='bbox 738 2336 932 2434; x_wconf 82' lang='lat' dir='ltr'>primarius</span> <span class='ocrx_word' id='word_1_143' title='bbox 948 2337 1190 2408; x_wconf 75' lang='lat' dir='ltr'>Cosnmsile·</span> <span class='ocrx_word' id='word_1_144' title='bbox 1266 2373 1270 2382; x_wconf 92' lang='lat'>·</span> 
     </span>
     <span class='ocr_line' id='line_1_23' title="bbox 81 2435 1189 2532; baseline 0.001 -29"><span class='ocrx_word' id='word_1_145' title='bbox 81 2437 218 2506; x_wconf 86' lang='lat' dir='ltr'>diceus</span> <span class='ocrx_word' id='word_1_146' title='bbox 238 2439 437 2508; x_wconf 80' lang='lat' dir='ltr'>Florentia</span> <span class='ocrx_word' id='word_1_147' title='bbox 463 2439 563 2510; x_wconf 88' lang='lat' dir='ltr'>dono</span> <span class='ocrx_word' id='word_1_148' title='bbox 589 2435 702 2525; x_wconf 88' lang='lat' dir='ltr'>misit,</span> <span class='ocrx_word' id='word_1_149' title='bbox 736 2437 948 2506; x_wconf 86' lang='lat' dir='ltr'>emendasse.</span> <span class='ocrx_word' id='word_1_150' title='bbox 1005 2436 1102 2508; x_wconf 70' lang='lat' dir='ltr'>titio</span> <span class='ocrx_word' id='word_1_151' title='bbox 1123 2435 1189 2532; x_wconf 77' lang='lat' dir='ltr'>igi·</span> 
     </span>
     <span class='ocr_line' id='line_1_24' title="bbox 86 2511 1189 2632; baseline 0.001 -29"><span class='ocrx_word' id='word_1_152' title='bbox 86 2551 153 2604; x_wconf 86' lang='lat' dir='ltr'>tur</span> <span class='ocrx_word' id='word_1_153' title='bbox 178 2539 400 2608; x_wconf 74' lang='lat' dir='ltr'>vertendum</span> <span class='ocrx_word' id='word_1_154' title='bbox 433 2563 508 2608; x_wconf 89' lang='lat' dir='ltr'>non</span> <span class='ocrx_word' id='word_1_155' title='bbox 537 2536 627 2624; x_wconf 78' lang='lat' dir='ltr'>effe,</span> <span class='ocrx_word' id='word_1_156' title='bbox 660 2559 699 2608; x_wconf 88' lang='lat' dir='ltr'>se</span> <span class='ocrx_word' id='word_1_157' title='bbox 724 2534 784 2622; x_wconf 92' lang='lat' dir='ltr'>id,</span> <span class='ocrx_word' id='word_1_158' title='bbox 815 2535 915 2632; x_wconf 90' lang='lat' dir='ltr'>qnod</span> <span class='ocrx_word' id='word_1_159' title='bbox 937 2511 993 2606; x_wconf 75' lang='lat' dir='ltr'>iot</span> <span class='ocrx_word' id='word_1_160' title='bbox 1015 2535 1095 2615; x_wconf 85' lang='lat' dir='ltr'>aiii,</span> <span class='ocrx_word' id='word_1_161' title='bbox 1124 2535 1189 2604; x_wconf 85' lang='lat' dir='ltr'>im·</span> 
     </span>
     <span class='ocr_line' id='line_1_25' title="bbox 85 2635 1190 2735; baseline 0.003 -32"><span class='ocrx_word' id='word_1_162' title='bbox 85 2659 153 2704; x_wconf 85' lang='lat' dir='ltr'>mo</span> <span class='ocrx_word' id='word_1_163' title='bbox 175 2635 248 2735; x_wconf 90' lang='lat' dir='ltr'>ipsi</span> <span class='ocrx_word' id='word_1_164' title='bbox 275 2637 505 2724; x_wconf 75' lang='lat' dir='ltr'>adversarii,</span> <span class='ocrx_word' id='word_1_165' title='bbox 534 2653 738 2720; x_wconf 82' lang='lat' dir='ltr'>tentarunt,</span> <span class='ocrx_word' id='word_1_166' title='bbox 765 2635 933 2706; x_wconf 88' lang='lat' dir='ltr'>similiter</span> <span class='ocrx_word' id='word_1_167' title='bbox 959 2651 1101 2705; x_wconf 86' lang='lat' dir='ltr'>tentare</span> <span class='ocrx_word' id='word_1_168' title='bbox 1124 2660 1190 2706; x_wconf 87' lang='lat' dir='ltr'>au·</span> 
     </span>
     <span class='ocr_line' id='line_1_26' title="bbox 90 2734 1189 2834; baseline 0 -30"><span class='ocrx_word' id='word_1_169' title='bbox 90 2759 174 2804; x_wconf 82' lang='lat' dir='ltr'>sum</span> <span class='ocrx_word' id='word_1_170' title='bbox 204 2736 324 2809; x_wconf 81' lang='lat' dir='ltr'>suiffe.</span> <span class='ocrx_word' id='word_1_171' title='bbox 389 2739 441 2810; x_wconf 77' lang='lat' dir='ltr'>L&#39;t</span> <span class='ocrx_word' id='word_1_172' title='bbox 474 2754 595 2807; x_wconf 87' lang='lat' dir='ltr'>autern</span> <span class='ocrx_word' id='word_1_173' title='bbox 628 2735 823 2834; x_wconf 85' lang='lat' dir='ltr'>dijudicari</span> <span class='ocrx_word' id='word_1_174' title='bbox 857 2735 998 2834; x_wconf 81' lang='lat' dir='ltr'>peffet,</span> <span class='ocrx_word' id='word_1_175' title='bbox 1039 2734 1189 2831; x_wconf 85' lang='lat' dir='ltr'>quinam</span> 
     </span>
     <span class='ocr_line' id='line_1_27' title="bbox 93 2833 1239 2935; baseline 0.001 -33"><span class='ocrx_word' id='word_1_176' title='bbox 93 2837 323 2908; x_wconf 82' lang='lat' dir='ltr'>emendandi</span> <span class='ocrx_word' id='word_1_177' title='bbox 353 2837 447 2907; x_wconf 74' lang='lat' dir='ltr'>Livii</span> <span class='ocrx_word' id='word_1_178' title='bbox 484 2854 608 2935; x_wconf 84' lang='lat' dir='ltr'>partes</span> <span class='ocrx_word' id='word_1_179' title='bbox 642 2853 834 2934; x_wconf 84' lang='lat' dir='ltr'>susceptas</span> <span class='ocrx_word' id='word_1_180' title='bbox 865 2833 994 2906; x_wconf 86' lang='lat' dir='ltr'>melius</span> <span class='ocrx_word' id='word_1_181' title='bbox 1025 2835 1189 2930; x_wconf 78' lang='lat' dir='ltr'>egerint,</span> <span class='ocrx_word' id='word_1_182' title='bbox 1233 2899 1239 2910; x_wconf 84' lang='grc'>,</span> 
     </span>
     <span class='ocr_line' id='line_1_28' title="bbox 90 2933 1189 3032; baseline 0.004 -30"><span class='ocrx_word' id='word_1_183' title='bbox 90 2933 172 3032; x_wconf 82' lang='lat' dir='ltr'>ipse</span> <span class='ocrx_word' id='word_1_184' title='bbox 193 2937 323 3022; x_wconf 86' lang='lat' dir='ltr'>solua,</span> <span class='ocrx_word' id='word_1_185' title='bbox 353 2963 400 3006; x_wconf 88' lang='lat' dir='ltr'>an</span> <span class='ocrx_word' id='word_1_186' title='bbox 426 2935 648 3020; x_wconf 81' lang='lat' dir='ltr'>adversarii,</span> <span class='ocrx_word' id='word_1_187' title='bbox 675 2933 762 3006; x_wconf 88' lang='lat' dir='ltr'>licet</span> <span class='ocrx_word' id='word_1_188' title='bbox 784 2935 838 3006; x_wconf 84' lang='lat' dir='ltr'>vei</span> <span class='ocrx_word' id='word_1_189' title='bbox 861 2953 934 3006; x_wconf 89' lang='lat' dir='ltr'>tres</span> <span class='ocrx_word' id='word_1_190' title='bbox 946 2985 957 3022; x_wconf 90' lang='lat'><em>‚</em></span> <span class='ocrx_word' id='word_1_191' title='bbox 986 2933 1041 3004; x_wconf 85' lang='lat' dir='ltr'>rel</span> <span class='ocrx_word' id='word_1_192' title='bbox 1062 2933 1189 3032; x_wconf 85' lang='lat' dir='ltr'>plnres</span> 
     </span>
     <span class='ocr_line' id='line_1_29' title="bbox 88 3033 1189 3134; baseline -0.003 -29"><span class='ocrx_word' id='word_1_193' title='bbox 88 3033 252 3122; x_wconf 80' lang='lat' dir='ltr'>fuerint,</span> <span class='ocrx_word' id='word_1_194' title='bbox 271 3053 410 3134; x_wconf 87' lang='lat' dir='ltr'>quarto</span> <span class='ocrx_word' id='word_1_195' title='bbox 424 3035 518 3106; x_wconf 87' lang='lat' dir='ltr'>libro</span> <span class='ocrx_word' id='word_1_196' title='bbox 531 3033 881 3108; x_wconf 75' lang='lat' dir='ltr'>Recrirninntionnna</span> <span class='ocrx_word' id='word_1_197' title='bbox 896 3033 1051 3104; x_wconf 89' lang='lat' dir='ltr'>inseruit</span> <span class='ocrx_word' id='word_1_198' title='bbox 1065 3059 1189 3102; x_wconf 84' lang='lat' dir='ltr'>eman·</span> 
     </span>
     <span class='ocr_line' id='line_1_30' title="bbox 90 3133 1189 3234; baseline -0.004 -28"><span class='ocrx_word' id='word_1_199' title='bbox 90 3135 269 3210; x_wconf 76' lang='lat' dir='ltr'>dationes</span> <span class='ocrx_word' id='word_1_200' title='bbox 293 3140 332 3206; x_wconf 88' lang='lat' dir='ltr'>in</span> <span class='ocrx_word' id='word_1_201' title='bbox 359 3161 423 3207; x_wconf 88' lang='lat' dir='ltr'>sex</span> <span class='ocrx_word' id='word_1_202' title='bbox 442 3137 588 3234; x_wconf 86' lang='lat' dir='ltr'>priores</span> <span class='ocrx_word' id='word_1_203' title='bbox 606 3135 698 3206; x_wconf 81' lang='lat' dir='ltr'>Livii</span> <span class='ocrx_word' id='word_1_204' title='bbox 722 3133 838 3206; x_wconf 90' lang='lat' dir='ltr'>libros</span> <span class='ocrx_word' id='word_1_205' title='bbox 861 3133 907 3206; x_wconf 90' lang='lat' dir='ltr'>de</span> <span class='ocrx_word' id='word_1_206' title='bbox 928 3134 1028 3204; x_wconf 89' lang='lat' dir='ltr'>bello</span> <span class='ocrx_word' id='word_1_207' title='bbox 1048 3133 1189 3204; x_wconf 87' lang='lat' dir='ltr'>Punico</span> 
     </span>
     <span class='ocr_line' id='line_1_31' title="bbox 91 3235 1189 3334; baseline -0.003 -30"><span class='ocrx_word' id='word_1_208' title='bbox 91 3235 282 3316; x_wconf 84' lang='lat' dir='ltr'>secundo,</span> <span class='ocrx_word' id='word_1_209' title='bbox 309 3263 356 3308; x_wconf 87' lang='lat' dir='ltr'>ac</span> <span class='ocrx_word' id='word_1_210' title='bbox 378 3235 490 3306; x_wconf 86' lang='lat' dir='ltr'>simul</span> <span class='ocrx_word' id='word_1_211' title='bbox 509 3235 632 3334; x_wconf 86' lang='lat' dir='ltr'>pailim</span> <span class='ocrx_word' id='word_1_212' title='bbox 654 3235 828 3320; x_wconf 86' lang='lat' dir='ltr'>adnotat,</span> <span class='ocrx_word' id='word_1_213' title='bbox 857 3252 1001 3318; x_wconf 85' lang='lat' dir='ltr'>atrurn,</span> <span class='ocrx_word' id='word_1_214' title='bbox 1032 3249 1069 3304; x_wconf 84' lang='lat' dir='ltr'>et</span> <span class='ocrx_word' id='word_1_215' title='bbox 1098 3257 1189 3328; x_wconf 88' lang='lat' dir='ltr'>qno·</span> 
     </span>
     <span class='ocr_line' id='line_1_32' title="bbox 91 3331 1191 3408; baseline -0.002 -4"><span class='ocrx_word' id='word_1_216' title='bbox 91 3333 208 3404; x_wconf 87' lang='lat' dir='ltr'>modo</span> <span class='ocrx_word' id='word_1_217' title='bbox 231 3333 437 3408; x_wconf 82' lang='lat' dir='ltr'>adversarii</span> <span class='ocrx_word' id='word_1_218' title='bbox 456 3335 597 3406; x_wconf 83' lang='lat' dir='ltr'>Livium</span> <span class='ocrx_word' id='word_1_219' title='bbox 628 3335 896 3408; x_wconf 86' lang='lat' dir='ltr'>emendandum</span> <span class='ocrx_word' id='word_1_220' title='bbox 923 3335 993 3404; x_wconf 80' lang='lat' dir='ltr'>effe</span> <span class='ocrx_word' id='word_1_221' title='bbox 1014 3331 1191 3404; x_wconf 83' lang='lat' dir='ltr'>existima·</span> 
     </span>
     <span class='ocr_line' id='line_1_33' title="bbox 96 3431 1190 3534; baseline -0.002 -30"><span class='ocrx_word' id='word_1_222' title='bbox 96 3431 229 3522; x_wconf 73' lang='lat' dir='ltr'>renat,</span> <span class='ocrx_word' id='word_1_223' title='bbox 259 3461 425 3534; x_wconf 87' lang='lat' dir='ltr'>quornm</span> <span class='ocrx_word' id='word_1_224' title='bbox 449 3453 525 3508; x_wconf 87' lang='lat' dir='ltr'>tum</span> <span class='ocrx_word' id='word_1_225' title='bbox 546 3435 823 3506; x_wconf 85' lang='lat' dir='ltr'>emendationes</span> <span class='ocrx_word' id='word_1_226' title='bbox 845 3461 926 3504; x_wconf 90' lang='lat' dir='ltr'>curn</span> <span class='ocrx_word' id='word_1_227' title='bbox 947 3431 1023 3504; x_wconf 89' lang='lat' dir='ltr'>suis</span> <span class='ocrx_word' id='word_1_228' title='bbox 1040 3455 1190 3531; x_wconf 88' lang='lat' dir='ltr'>compa·</span> 
     </span>
     <span class='ocr_line' id='line_1_34' title="bbox 96 3531 1189 3635; baseline -0.001 -32"><span class='ocrx_word' id='word_1_229' title='bbox 96 3553 164 3608; x_wconf 84' lang='lat' dir='ltr'>rat.</span> <span class='ocrx_word' id='word_1_230' title='bbox 213 3539 365 3612; x_wconf 86' lang='lat' dir='ltr'>Horum</span> <span class='ocrx_word' id='word_1_231' title='bbox 397 3537 565 3634; x_wconf 86' lang='lat' dir='ltr'>quinquo</span> <span class='ocrx_word' id='word_1_232' title='bbox 594 3533 814 3635; x_wconf 86' lang='lat' dir='ltr'>posteriores</span> <span class='ocrx_word' id='word_1_233' title='bbox 841 3533 1001 3603; x_wconf 86' lang='lat' dir='ltr'>lectione</span> <span class='ocrx_word' id='word_1_234' title='bbox 1030 3531 1189 3629; x_wconf 88' lang='lat' dir='ltr'>pomeri·</span> 
     </span>
     <span class='ocr_line' id='line_1_35' title="bbox 99 3631 1191 3736; baseline -0.002 -31"><span class='ocrx_word' id='word_1_235' title='bbox 99 3634 200 3708; x_wconf 89' lang='lat' dir='ltr'>diana</span> <span class='ocrx_word' id='word_1_236' title='bbox 227 3635 267 3708; x_wconf 87' lang='lat' dir='ltr'>in</span> <span class='ocrx_word' id='word_1_237' title='bbox 292 3635 384 3712; x_wconf 84' lang='lat' dir='ltr'>aula</span> <span class='ocrx_word' id='word_1_238' title='bbox 403 3635 588 3736; x_wconf 81' lang='lat' dir='ltr'>Alphonsi</span> <span class='ocrx_word' id='word_1_239' title='bbox 609 3633 816 3707; x_wconf 88' lang='lat' dir='ltr'>recensenti</span> <span class='ocrx_word' id='word_1_240' title='bbox 833 3632 1068 3704; x_wconf 85' lang='lat' dir='ltr'>Panormitae</span> <span class='ocrx_word' id='word_1_241' title='bbox 1082 3631 1191 3704; x_wconf 87' lang='lat' dir='ltr'>Valla</span> 
     </span>
     <span class='ocr_line' id='line_1_36' title="bbox 99 3731 1190 3829; baseline -0.005 -22"><span class='ocrx_word' id='word_1_242' title='bbox 99 3735 286 3826; x_wconf 83' lang='lat' dir='ltr'>adsuerat,</span> <span class='ocrx_word' id='word_1_243' title='bbox 326 3755 366 3810; x_wconf 90' lang='lat' dir='ltr'>et</span> <span class='ocrx_word' id='word_1_244' title='bbox 390 3735 480 3809; x_wconf 88' lang='lat' dir='ltr'>hinc</span> <span class='ocrx_word' id='word_1_245' title='bbox 504 3736 723 3808; x_wconf 85' lang='lat' dir='ltr'>sententiam</span> <span class='ocrx_word' id='word_1_246' title='bbox 747 3733 827 3829; x_wconf 90' lang='lat' dir='ltr'>ejus</span> <span class='ocrx_word' id='word_1_247' title='bbox 851 3733 897 3804; x_wconf 90' lang='lat' dir='ltr'>de</span> <span class='ocrx_word' id='word_1_248' title='bbox 920 3757 1006 3802; x_wconf 84' lang='lat' dir='ltr'>rora</span> <span class='ocrx_word' id='word_1_249' title='bbox 1023 3731 1115 3802; x_wconf 78' lang='lat' dir='ltr'>Livii</span> <span class='ocrx_word' id='word_1_250' title='bbox 1137 3732 1190 3802; x_wconf 85' lang='lat' dir='ltr'>io·</span> 
     </span>
     <span class='ocr_line' id='line_1_37' title="bbox 96 3831 1188 3930; baseline -0.009 -22"><span class='ocrx_word' id='word_1_251' title='bbox 96 3837 210 3910; x_wconf 86' lang='lat' dir='ltr'>ctione</span> <span class='ocrx_word' id='word_1_252' title='bbox 228 3847 409 3917; x_wconf 81' lang='lat' dir='ltr'>noverati</span> <span class='ocrx_word' id='word_1_253' title='bbox 448 3835 556 3910; x_wconf 88' lang='lat' dir='ltr'>Ultra</span> <span class='ocrx_word' id='word_1_254' title='bbox 579 3856 717 3909; x_wconf 86' lang='lat' dir='ltr'>sertum</span> <span class='ocrx_word' id='word_1_255' title='bbox 739 3853 857 3905; x_wconf 88' lang='lat' dir='ltr'>autern</span> <span class='ocrx_word' id='word_1_256' title='bbox 875 3831 1188 3930; x_wconf 78' lang='lat' dir='ltr'>progrediendum</span> 
     </span>
     <span class='ocr_line' id='line_1_38' title="bbox 93 3931 1212 4037; baseline -0.006 -28"><span class='ocrx_word' id='word_1_257' title='bbox 93 3965 160 4012; x_wconf 89' lang='lat' dir='ltr'>non</span> <span class='ocrx_word' id='word_1_258' title='bbox 178 3940 353 4028; x_wconf 86' lang='lat' dir='ltr'>censuit,</span> <span class='ocrx_word' id='word_1_259' title='bbox 384 3936 475 4037; x_wconf 85' lang='lat' dir='ltr'>quia</span> <span class='ocrx_word' id='word_1_260' title='bbox 496 3958 567 4006; x_wconf 88' lang='lat' dir='ltr'>nec</span> <span class='ocrx_word' id='word_1_261' title='bbox 581 3933 791 4008; x_wconf 87' lang='lat' dir='ltr'>Panormita</span> <span class='ocrx_word' id='word_1_262' title='bbox 810 3933 964 4004; x_wconf 88' lang='lat' dir='ltr'>ulterius</span> <span class='ocrx_word' id='word_1_263' title='bbox 983 3931 1212 4030; x_wconf 44' lang='lat' dir='ltr'>progreiios,</span> 
     </span>
     <span class='ocr_line' id='line_1_39' title="bbox 91 4029 1190 4144; baseline -0.009 -32"><span class='ocrx_word' id='word_1_264' title='bbox 91 4038 150 4138; x_wconf 62' lang='lat' dir='ltr'>eiip</span> <span class='ocrx_word' id='word_1_265' title='bbox 182 4067 233 4116; x_wconf 85' lang='lat' dir='ltr'>ne</span> <span class='ocrx_word' id='word_1_266' title='bbox 256 4041 291 4116; x_wconf 83' lang='lat' dir='ltr'>is</span> <span class='ocrx_word' id='word_1_267' title='bbox 316 4042 496 4144; x_wconf 80' lang='lat' dir='ltr'>ingratus</span> <span class='ocrx_word' id='word_1_268' title='bbox 519 4035 642 4134; x_wconf 82' lang='lat' dir='ltr'>postea</span> <span class='ocrx_word' id='word_1_269' title='bbox 670 4034 823 4134; x_wconf 82' lang='lat' dir='ltr'>alterins</span> <span class='ocrx_word' id='word_1_270' title='bbox 850 4031 996 4120; x_wconf 71' lang='lat' dir='ltr'>laudem</span> <span class='ocrx_word' id='word_1_271' title='bbox 1020 4031 1091 4104; x_wconf 86' lang='lat' dir='ltr'>sihi</span> <span class='ocrx_word' id='word_1_272' title='bbox 1112 4029 1190 4102; x_wconf 84' lang='lat' dir='ltr'>rin·</span> 
     </span>
    </p>
   </div>
   <div class='ocr_carea' id='block_1_4' title="bbox 0 0 1368 4676">
    <p class='ocr_par' dir='ltr' id='par_1_4' title="bbox 0 0 1368 4676">
     <span class='ocr_line' id='line_1_40' title="bbox 0 0 1368 4676; baseline 0 0"><span class='ocrx_word' id='word_1_273' title='bbox 0 0 1368 4676; x_wconf 95' lang='lat' dir='ltr'> </span> 
     </span>
    </p>
   </div>
  </div>
 </body>
</html>
