2638 4684
270 283 383 360 an
439 262 943 368 necnon-n*
1057 311 1163 366 ema

47 531 86 586 eu
103 511 191 586 vitia
214 511 481 590 liburiumm
501 517 780 617 produxerunt,
819 513 1041 589 Leuturibue
1073 541 1163 620 epe·
1220 571 1226 580 -

51 614 117 686 tire
139 613 293 688 enimue
319 613 411 688 etit.
476 622 534 689 lte
565 617 664 690 euim
699 616 770 687 hee
798 639 949 712 queque
982 617 1020 688 in
1050 619 1162 694 Notio

53 715 261 786 enumerari
291 713 514 804 debebunt,
545 731 583 790 et
601 714 793 816 paullatim
816 714 901 787 libri
921 713 1058 803 uulee,
1095 717 1160 792 iie·

53 813 130 886 dere
152 813 279 914 epulie
312 839 455 912 magno
486 839 571 886 eum
598 823 796 890 uentorum
826 811 973 887 fastidio
1001 815 1060 890 bie
1091 819 1158 892 ed·

50 915 208 1012 positia,
241 915 434 986 inutiliter
460 931 615 990 ereeeet.
674 921 803 1012 Longe
824 913 951 1014 itaque
971 915 1156 1014 praedare

50 1014 217 1104 udatur,
253 1031 321 1102 ut,
361 1037 461 1112 quae
484 1012 729 1090 monumentis
758 1029 920 1086 veterum
948 1013 1005 1086 rel
1028 1039 1155 1090 emen·

47 1113 186 1188 &udin
219 1113 282 1186 rel
310 1111 549 1188 inlustrandie
579 1113 757 1191 innervire
786 1114 1008 1202 ereduntur,
1043 1115 1154 1192 simul

45 1237 123 1286 unu
143 1218 250 1287 eerie
273 1213 535 1302 exhibeantur,
571 1231 609 1288 et
633 1213 696 1312 qni
718 1211 893 1286 mollibue
913 1213 1009 1286 eden
1031 1215 1156 1295 eculin

42 1333 135 1387 emt
146 1367 159 1404 ‚
188 1334 235 1389 ut
256 1338 371 1388 rouen
391 1313 624 1402 dimidiatae,
652 1311 788 1412 quibua
811 1313 1023 1414 compendii
1043 1341 1153 1390 uuum

41 1438 87 1484 ea
118 1415 315 1488 rariorum
345 1412 519 1488 codicum
548 1413 701 1488 nomine
730 1409 810 1486 deni
837 1415 918 1486 ueri
948 1437 1152 1490 contuere·

41 1532 159 1602 runt,
189 1529 413 1613 graventur,
446 1513 595 1603 eedem,
630 1537 742 1614 quem
769 1439 961 1586 celerrime
987 1517 1149 1614 pueeiut,

42 1615 293 1704 mundent,
318 1632 357 1689 et
376 1612 620 1712 eeqeeutibue
641 1612 768 1715 perlue
790 1611 1022 1690 inhaereeut.

120 1763 301 1840 Ceterum
332 1761 641 1866 quemadmodum
667 1759 782 1840 Viroe
806 1765 973 1853 Doetoe,
1014 1759 1078 1863 qui
1109 1790 1149 1840 ee
1213 1823 1218 1840 .

45 1863 199 1938 direrea
237 1865 530 1942 commentandi
550 1863 697 1939 ratione
727 1861 949 1938 Lectoribue
992 1865 1148 1940 menime

45 1963 286 2064 placiturus,
327 1993 528 2066 eurumque
565 1961 731 2038 favorem
769 1963 841 2038 eibi
878 1963 1147 2040 conciliaturus
1262 2033 1268 2046 ,

48 2083 278 2162 repererunt,
303 2092 382 2139 non
404 2067 516 2140 modo
538 2064 715 2138 ferendo·
727 2116 741 2155 ,
774 2063 840 2138 eed
859 2063 969 2138 etiem
991 2063 1148 2138 laudau-
1193 2115 1198 2132 .

48 2163 114 2240 doe
139 2165 217 2238 eise
242 2163 426 2256 arbitror,
459 2169 510 2241 ite
531 2165 680 2239 rioillim
696 2178 812 2336 peto,
837 2180 878 2239 ut
900 2163 971 2264 ipei
996 2190 1146 2266 qunque

49 2290 134 2364 erge
157 2289 239 2352 me,
267 2267 331 2365 qni
353 2265 454 2340 illam
476 2269 569 2340 riom
591 2265 694 2364 ingre
725 2289 766 2338 ue
790 2288 888 2354 eum,
916 2289 1026 2364 quum
1049 2265 1146 2366 opti·

49 2391 191 2438 merum
215 2365 407 2439 literarum
436 2367 557 2466 iieque
586 2365 787 2438 ferentium
812 2366 1016 2439 Doctorum
1042 2390 1144 2438 eum·

47 2466 166 2540 nodie
198 2465 462 2566 promovendi·
495 2464 695 2568 praecipue
725 2463 899 2565 expedire
927 2463 1142 2556 existimari,

47 2568 175 2638 eedem
202 2567 432 2640 humanitate
460 2585 573 2666 utque
599 2561 831 2660 indulgentia
858 2563 911 2636 utl
937 2591 1012 2637 uon
1038 2591 1143 2638 reeu-

46 2683 144 2756 sent,
173 2665 451 2765 conatibusque
469 2667 559 2740 meie
581 2665 613 2737 ei
634 2663 778 2750 iarerel
804 2662 933 2736 ealtem
955 2663 1144 2738 adversari

46 2767 178 2838 nolint
232 2765 329 2838 mod
348 2767 501 2868 insuper
521 2763 631 2864 nequi
653 2761 821 2862 bonique
840 2765 1055 2854 consulant,
1081 2790 1142 2839 ro·

45 2891 109 2964 gn,
149 2865 184 2939 ei
214 2863 316 2938 lorte
350 2864 571 2965 quibusdem
608 2862 701 2938 loeie
735 2861 1058 2961 jullnmajorem,
1097 2883 1142 2938 et

43 2961 1141 3140 diffidit?diffidit:litifredi:

41 3164 197 3254 ridear,
234 3161 384 3266 sibique
412 3163 689 3266 persuadeant,
729 3159 769 3235 id
803 3187 880 3234 non
915 3179 1052 3238 temere
1080 3139 1139 3238 'ue

41 3265 122 3338 eine
152 3265 276 3340 enull'a
309 3289 331 3335 e
359 3289 418 3336 me
444 3264 582 3338 laetum
611 3263 691 3337 ell'e.
757 3263 841 3335 lieo
871 3278 993 3334 nutem
1022 3264 1138 3364 megin

40 3391 104 3438 eos
131 3363 313 3468 precibue
342 3365 432 3439 meie
458 3362 581 3438 locum
605 3363 804 3436 relicturus
828 3363 998 3451 conlido,
1034 3363 1139 3461 quod

39 3462 199 3538 liberum
226 3465 299 3539 edei
324 3489 368 3538 ee
390 3463 596 3566 permill'um
618 3461 688 3536 elle
709 3461 897 3547 noverint,
967 3487 1139 3536 uaecum-

42 3591 113 3662 que
145 3565 300 3638 mudum
330 3563 509 3638 excedere
541 3561 792 3648 arbitrentur,
829 3489 987 3660 legendo
1018 3575 1139 3636 trane·

42 3667 215 3755 mittere,
248 3662 407 3766 perinde
439 3680 552 3764 atque
584 3689 660 3736 uon
690 3660 874 3754 udell'eut,
909 3681 947 3734 et
968 3685 1038 3763 pro
1059 3685 1138 3736 uon

43 3765 191 3866 euriptie
221 3765 373 3839 babere.

112 3917 236 4013 Quum
271 3931 398 3988 eutem
420 3865 807 3988 aldemannum
838 3907 949 4006 longe
981 3905 1137 3984 maxime

49 4040 125 4114 pare
158 4015 330 4128 priorum
365 4011 580 4088 reenluram
611 4012 790 4130 rueordie
818 4007 930 4084 nobie
966 4007 1134 4110 perierit,

90 4130 153 4188 liv.
178 4127 356 4193 Totu0XV·
370 4127 410 4188 1³.
422 4125 448 4186 i·
720 4137 734 4184 Ι
