2726 4676
327 285 428 358 An
483 277 942 409 teoto'tttttt.
1078 309 1197 368 mut

107 529 329 613 occupatus,
357 509 504 584 diutius
527 511 565 585 in
589 515 692 614 regni
715 513 953 615 metropolim
977 516 1102 591 redire
1122 541 1201 590 mo·

103 629 219 702 retur,
256 610 416 684 interim
441 611 574 704 Velio,
610 615 670 688 oui
693 641 716 688 o
746 641 810 690 ern
834 615 1066 706 amicorum,
1104 617 1202 690 inser

102 737 191 810 qnos
207 711 471 786 numerandus
491 713 542 784 eii
559 643 768 789 Gordineiie
781 713 959 806 nicenus,
987 717 1090 812 (vide
1104 715 1197 792 vett.

99 812 156 884 tib.
175 837 224 885 ts.
245 811 380 886 Antid.
402 810 442 883 in
459 813 573 912 Pogg.
594 841 678 916 peg.
694 819 798 912 340.)
822 814 898 888 eise
910 867 924 905 ‚
951 843 1027 918 quo
1052 819 1202 890 nomine
1256 817 1262 830 '

98 913 225 985 notior
242 909 310 999 ost,
336 909 541 1002 Befferion,
569 913 747 993 Nicoleue
764 913 916 1014 quintus
929 939 1093 992 summus
1107 919 1201 991 Pon·

97 1012 210 1101 tifex,
238 1011 273 1084 si
298 1012 339 1082 in
364 1011 527 1112 petriem
555 1015 677 1088 redire
703 1015 831 1100 vellet,
863 1040 941 1087 non
970 1018 1038 1092 ede
1067 1043 1203 1092 esnen-

97 1113 185 1184 dem
207 1110 471 1188 conditionem
493 1111 754 1214 pollicebatur,
780 1139 862 1188 enm
881 1117 1055 1218 amplecti
1073 1117 1203 1212 decre·

96 1213 164 1286 vit.
220 1217 346 1284 Rebus
374 1210 503 1314 iteque
530 1221 609 1286 suis
638 1229 674 1288 et
700 1221 824 1287 decem
847 1216 956 1288 doliis
982 1225 1052 1291 vini
1078 1225 1115 1290 in
1136 1243 1202 1290 nn·

100 1339 185 1384 uem
210 1317 399 1402 inpositis,
437 1321 512 1402 ipse
534 1341 619 1386 eum
646 1343 718 1388 uno
735 1319 886 1404 snmtdo
910 1331 946 1388 et
963 1323 1081 1392 tribus
1104 1325 1227 1410 equis.

101 1419 265 1485 terrestri
292 1419 424 1486 itinere
451 1419 612 1486 Romam
640 1421 824 1506 profectus
853 1429 925 1506 est,
963 1435 1075 1493 uteo
1105 1417 1206 1493 lenes

98 1513 349 1588 transfemts
387 1519 426 1584 iu
453 1539 568 1604 quom
593 1522 720 1590 urbem
743 1523 936 1589 sevenisse
959 1517 1076 1595 refert
1099 1525 1205 1592 vesti-

102 1621 174 1688 bus
200 1631 236 1688 et
268 1618 448 1686 coccineis
475 1625 510 1686 et
540 1623 663 1690 sericis
689 1629 725 1690 et
748 1637 841 1692 outo
870 1629 1053 1692 ornatum.
1107 1616 1206 1698 Vide

97 1715 252 1794 euim
272 1713 368 1787 nis.
391 1737 477 1816 pag.
490 1715 578 1816 ³⁵4·

177 1919 219 1989 ln
241 1915 409 2016 petriam
428 1915 546 1990 redux
565 1915 698 2006 Velle,
735 1943 858 1994 ennuo
883 1917 1067 2022 stipendio
1090 1917 1207 1996 done·

93 2033 162 2088 tus
183 2015 414 2104 eNieoleo,
441 2017 522 2116 ejus
541 2017 634 2116 juffu
652 2018 913 2120 Thucydidem
934 2019 1066 2095 Latine
1086 2021 1206 2107 vertit,

102 2117 173 2213 qui
197 2115 335 2216 postea
362 2115 452 2217 ipli,
497 2143 612 2216 quum
647 2143 742 2218 opus
777 2119 988 2195 obuolutum
1021 2119 1206 2234 trpderet,

101 2215 389 2316 quinquaginta
408 2241 543 2288 eureos
564 2217 720 2320 populeo
740 2243 806 2292 sun
828 2245 938 2294 meno
957 2221 1070 2295 dedit.
1110 2219 1208 2297 Vide

95 2317 254 2390 Vellem
278 2313 345 2388 lib.
364 2342 411 2392 ts.
431 2315 557 2390 Antid.
579 2317 615 2388 in
634 2321 747 2416 Pogg.
767 2345 814 2419 pe
843 2323 950 2414 335.
984 2329 1209 2438 interpreto-

93 2417 159 2489 tio
182 2419 275 2490 haee
296 2416 434 2488 butino
456 2415 569 2490 hodie
590 2419 773 2519 superest,
798 2347 998 2519 siiquotiee
1019 2439 1119 2520 typu
1143 2419 1227 2512 de·¹

96 2517 252 2618 scripte
264 2543 278 2610 5
310 2515 361 2588 de
383 2533 459 2614 que
479 2516 571 2615 quid
592 2517 776 2592 senserint
796 2519 953 2609 eruditi,
982 2519 1097 2592 sideri
1120 2543 1210 2620 pos·

105 2635 196 2689 nunt
217 2614 483 2689 Praefationes
505 2619 618 2688 Henr.
643 2617 824 2717 Stephani
849 2637 886 2692 et
905 2623 1039 2694 Joenn.
1059 2619 1210 2692 Hudso-

107 2719 149 2788 ni
167 2715 204 2787 in
217 2707 497 2815 Thucydidem,
524 2741 601 2788 non
619 2715 730 2814 longe
748 2717 830 2817 post
844 2717 1081 2822 principium.
1108 2715 1210 2792 1³0st-

114 2841 223 2915 quem
245 2813 509 2916 Thucydidem
524 2815 657 2888 Latine
677 2816 784 2916 loqui
802 2817 999 2910 docuiliet,
1026 2819 1126 2892 eliud
1145 2815 1209 2920 ipli

113 2941 199 3008 opus
228 2941 250 2986 e
275 2921 417 2988 Graeco
448 2919 743 3002 transferendum
775 2919 952 3012 deiegueit
981 2923 1079 2990 idem
1105 2927 1209 2990 uico·

104 3023 215 3106 inus,
251 3017 382 3106 quod,
419 3041 494 3114 quo
519 3032 686 3118 tempore
708 3013 879 3091 Antidoti
904 3018 942 3090 in
963 3019 1140 3120 Poggium
1163 3015 1234 3090 ti:

99 3119 197 3192 bros
219 3115 383 3205 edebat,
416 3115 583 3192 nondum
605 3116 654 3189 nd
675 3117 784 3190 finem
806 3118 1049 3218 perduxerat,
1084 3136 1139 3207 et,
1168 3127 1209 3188 ut

101 3243 143 3292 se
168 3223 215 3290 nb
245 3221 486 3292 atrocissimo
510 3219 588 3302 ejus
605 3227 802 3312 protegeret
823 3226 1076 3307 insectatione,
1102 3225 1210 3290 inter-

101 3327 256 3392 mittere
280 3329 439 3390 eoaotus
459 3329 524 3389 est.
565 3317 661 3394 Vide
681 3315 818 3390 ibidem
839 3343 918 3418 pag.
933 3320 1018 3394 326.
1068 3319 1112 3392 ld
1132 3343 1208 3390 non

106 3421 212 3494 eliud
236 3418 346 3494 fuiss'e
368 3417 533 3506 videtur,
562 3440 672 3516 quem
693 3418 876 3494 Herodoti
898 3415 1090 3494 Historiae.
1135 3423 1210 3496 Ve-

105 3547 188 3594 rum
210 3537 335 3596 morte
356 3535 566 3618 oooupetus
584 3517 736 3617 inoepto
756 3517 860 3619 operi
878 3518 1043 3593 ultimum
1060 3542 1209 3592 menum

106 3619 292 3723 inponere
321 3616 483 3717 nequiit.
539 3621 583 3690 Ut
611 3619 705 3690 hunc
734 3621 983 3693 Historiarum
1012 3625 1209 3710 principem
1311 3691 1315 3706 ,

110 3727 239 3798 Latine
260 3723 459 3808 redderet,
498 3723 602 3790 Voiio
632 3725 744 3790 etiam
773 3734 925 3815 rogatus
956 3733 1035 3792 sent
1064 3747 1087 3792 n
1113 3727 1207 3812 Rege

104 3829 312 3918 Aipitonso,
346 3845 467 3915 quum
488 3821 568 3908 eius
587 3821 780 3894 salutandi
802 3827 924 3916 gratio
945 3845 984 3894 se
1004 3821 1206 3914 oiiquondo

103 3934 292 4020 Neapolim
315 3925 551 4010 contulisset,
577 3933 612 3992 et
636 3925 680 3992 de
702 3923 809 3994 rebus
820 3927 1021 3996 Persarum
1038 3947 1079 3993 ne
1096 3925 1205 3990 Gene-

101 4055 238 4121 eosum,
260 4049 364 4122 quos
380 4025 599 4098 Herodotus
623 4025 895 4117 diligentissime
912 4027 1121 4114 complexus
1138 4033 1205 4106 est,

99 4139 233 4208 notens
268 4137 372 4204 inter
406 4147 472 4200 ens
502 4146 621 4220 sermo
650 4135 745 4196 esset
773 4135 931 4197 exortus.
987 4129 1045 4197 Eo
1077 4119 1206 4194 deinde
