2726 4676
347 227 465 302 nn
521 181 1037 308 nnononurn
1189 259 1228 310 u
1344 305 1345 308 ,

115 453 366 532 multumne
396 461 454 536 de
480 459 520 536 lu
539 465 730 558 blonnoye
752 459 802 536 ud
819 459 967 536 Bniilet.
991 463 1134 562 iugem.
1161 463 1228 537 deu

114 556 238 630 Serene
265 577 366 632 tem.
394 589 442 636 u.
476 581 576 662 pert.
599 584 630 634 1.
656 585 740 661 pag.
759 587 808 636 m.
827 567 913 658 beo.
953 566 1076 638 Docet
1106 563 1226 654 eninr,

111 655 340 754 Alphouenrn
355 668 514 760 Regem
531 661 819 759 Neapolitanum
840 679 997 735 mortem
1018 663 1146 738 obiill'e
1165 663 1226 738 di·

110 782 228 830 urm.
259 761 371 832 lunii
411 787 519 836 eone
549 775 810 836 etooeeeunn.
842 786 888 832 ex
914 761 1072 934 epistole
1102 783 1227 838 eutero

112 857 241 929 Joenn.
261 861 422 934 luviani
446 863 622 946 Ponteni,
648 861 698 934 ed
717 865 868 933 Petrum
889 862 940 934 Sa
957 881 1122 938 retorem
1138 863 1227 942 vnt-

110 956 184 1030 letu
201 976 239 1031 et
257 961 456 1036 loannem
474 960 686 1034 Ferrarium
707 959 870 1058 Neapoli
889 961 1068 1036 liniendis
1087 964 1226 1040 lenun-

107 1059 177 1130 rii·
199 1071 262 1132 ete
276 1086 374 1136 cocu
389 1090 448 1134 ux.
476 1063 616 1161 eoriptu
627 1112 638 1148 ,
671 1077 710 1132 et
729 1059 890 1134 Pontuni
909 1059 1014 1134 tibris
1035 1065 1082 1138 de
1098 1064 1227 1138 Rebue

106 1155 336 1236 eueleliibue
358 1163 558 1258 subjectu,
593 1157 762 1236 euellere
769 1209 782 1250 ,
816 1161 1059 1236 Laurentium
1082 1165 1251 1242 Vellem·

105 1275 202 1330 ente
227 1263 373 1357 Regem
397 1261 634 1362 Alpbonenrn
661 1259 880 1334 defunctum
906 1263 991 1336 elle.
1042 1267 1096 1338 Eu
1127 1267 1227 1338 enirn

104 1357 258 1446 referri,
287 1367 444 1455 Regem,
477 1367 584 1436 Velle
604 1373 767 1450 mortun,
793 1365 872 1448 ejus
892 1367 1226 1452 interpretationem

106 1463 292 1532 bonnm
322 1467 529 1550 Herodoti,
569 1477 611 1534 ut
641 1473 745 1550 erut,
785 1468 906 1534 Romo
930 1469 982 1536 orl
1004 1485 1043 1536 te
1063 1467 1226 1551 deteren-

107 1561 204 1630 dorn
225 1587 381 1634 rurotre
392 1597 416 1654 ,·
431 1577 466 1638 et
488 1571 525 1636 in
548 1564 767 1636 bibliotheca
788 1587 861 1636 ruo
887 1567 1076 1658 diligenter
1096 1570 1226 1638 adeer-

102 1669 193 1730 unri
206 1665 379 1749 inruisse.
394 1666 516 1738 *Hine
536 1663 785 1738 verisimiliter
804 1661 941 1754 statuit,
967 1682 1123 1740 mortno
1144 1670 1224 1764 ejnt

98 1759 283 1838 ineidille
316 1765 355 1836 in
388 1757 579 1839 Ilulender
611 1762 794 1860 Augustus
833 1764 923 1837 enni
959 1765 1225 1865 praecedenti·

98 1871 383 1940 ereccoerm.
417 1884 519 1940 uerte
549 1863 714 1938 inditur
744 1887 790 1938 ee
818 1863 1058 1960 posteriorem
1090 1865 1225 1940 referri

94 1985 190 2032 nou
219 1965 336 2062 pelle.
390 1967 487 2051 Puto
514 1964 628 2060 igitur
652 1981 763 2036 notes
788 1963 1002 2036 numerales
1020 1971 1145 2055 LXV,
1181 1968 1223 2042 in

92 2061 318 2162 Epitaphio
342 2063 475 2139 Vellee
500 2081 719 2162 corruptus,
745 2063 783 2134 in
807 2067 919 2136 LVII.
943 2065 1152 2154 mutandae,
1181 2083 1222 2142 et

91 2187 182 2260 pro
201 2187 305 2236 nunu
323 2171 387 2238 ele
401 2189 579 2240 eeeeurr.
601 2189 739 2236 unnuur
756 2167 816 2236 ele
829 2189 1014 2242 coccum.
1032 2191 1219 2284 reponen·
1329 2167 1336 2176 '

90 2261 200 2334 dum
221 2263 309 2336 elle.
363 2266 431 2340 nn
454 2287 692 2362 concoquens
716 2259 786 2350 est,
823 2263 986 2350 Vellem,
1022 2290 1086 2364 qur
1115 2291 1217 2342 enne

91 2367 173 2432 cla
186 2389 383 2438 coccum.
408 2363 751 2464 quinquagenarius
769 2361 886 2450 obiit,
912 2381 1039 2437 nutum
1060 2367 1130 2440 elle
1150 2367 1217 2442 de·

92 2459 225 2535 buill'e
249 2489 356 2538 nune
379 2471 616 2540 eluoueorn.
636 2479 679 2538 ut
697 2487 812 2564 rupte
834 2461 960 2538 doeui.

179 2663 307 2762 Hujue
343 2664 420 2763 jum
445 2661 580 2742 Veline
608 2661 905 2738 emundationes
929 2661 1131 2755 In'rinnee,
1168 2687 1214 2742 tx

91 2763 186 2860 ejus
210 2763 318 2838 libro
336 2791 386 2838 rr.
408 2759 764 2840 Reerirninntionuru
787 2760 825 2833 in
842 2759 993 2834 Feuiurn
1015 2780 1052 2838 et
1069 2767 1212 2839 Penne.
1299 2845 1302 2852 ,

89 2863 234 2937 mitent
260 2880 483 2962 excerptae,
513 2889 619 2940 mene
639 2861 732 2934 Livii
756 2859 911 2934 editioni
935 2862 1012 2936 nuit
1035 2862 1131 2937 loeit
1152 2867 1211 2938 in·

86 2965 223 3036 serui:
255 2964 306 3036 de
329 2962 467 3062 quibue
491 2965 522 3038 ei
544 2961 731 3038 sententie
752 2961 909 3034 ferenda
930 2957 1049 3051 soret,
1074 2962 1114 3036 in
1134 2965 1209 3042 hoo

85 3087 236 3136 omnes
258 3063 353 3136 rnibi
376 3086 627 3138 conuenturoe
649 3061 822 3150 confido,
856 3057 947 3136 licet
967 3062 1075 3162 pluro
1098 3064 1208 3138 vitie-

82 3187 131 3234 ea
157 3163 203 3234 in
223 3163 321 3235 Livii
344 3181 498 3264 purten
516 3188 556 3238 te
578 3179 709 3237 curete
728 3161 946 3260 reliquerit,
978 3187 1091 3262 quern
1116 3163 1205 3240 inde

82 3263 324 3352 sustulerit,
360 3264 399 3335 id
428 3281 551 3336 temen
579 3288 659 3338 non
686 3261 828 3338 luctum
853 3260 944 3352 elle,
971 3263 1076 3359 quod
1100 3262 1204 3362 inge·
1241 3291 1251 3314 ·

80 3363 203 3434 nium
225 3365 309 3462 ejne
327 3364 435 3462 operi
455 3381 634 3464 eureopto
653 3387 728 3436 nou
747 3359 946 3450 suffecerit,
973 3364 1039 3435 sed
1057 3379 1202 3440 tentum

82 3466 283 3562 tempori,
312 3489 389 3560 qno
408 3461 517 3552 rixit,
542 3460 707 3537 ndeeribi
730 3461 876 3536 debere.
929 3459 1078 3536 Literre
1099 3463 1199 3538 enirn
1234 3489 1238 3498 ·

82 3561 361 3652 humaniores,
387 3561 515 3660 fugem
533 3564 742 3636 adornante
761 3561 876 3636 crelin
894 3561 1198 3661 praecedentium

88 3661 311 3735 retulerunt
339 3663 537 3750 barbarie,
572 3681 649 3738 turn
678 3661 825 3736 demum
843 3659 1048 3760 'preeelnre
1077 3661 1197 3762 ipsine

90 3761 267 3863 inprimis
298 3765 434 3840 Veline
466 3787 580 3862 opere
610 3762 758 3836 reneeoi
787 3759 1036 3858 incipiebant,
1071 3787 1196 3860 neque
1223 3775 1226 3782 ’

91 3859 1196 4064 ll?,lblrltlljltlt‘ltllllll?llll-’tlt

97 4065 187 4148 tibur
212 4066 482 4175 pror'ureium,
517 4088 625 4164 quern
647 4062 817 4238 prirptirn
840 4077 1044 4162 torpente
1066 4083 1194 4138 turne·

759 4187 781 4237 2
