2726 4676
194 285 273 417 {⁸¹
507 271 973 386 ΡΞᾹΕΕΑΉΟ
1074 296 1079 314 ’

179 486 181 496 r
202 455 1293 506 ’Μ’-ψ

187 501 414 612 liabuerunt.
466 537 597 612 Eidem
622 549 746 614 tamen
772 533 926 608 editioni
946 534 1153 609 Glareanus
1174 535 1296 609 chro-

133 707 137 730 ,
195 637 386 733 nologiam
408 637 619 728 Livianam,
655 635 745 720 olim
771 660 793 706 a
815 659 855 708 se
876 635 1121 736 compositam
1147 661 1192 708 ae
1215 633 1297 704 rul-
1336 695 1337 700 ,

197 757 319 839 garam
334 790 345 826 ,
382 738 449 808 sed
479 764 578 836 nuno
609 734 840 836 emendatam
867 751 904 806 et
930 753 1100 822 anetam,
1143 759 1188 807 ae
1214 738 1296 804 non

198 837 311 912 mado
337 863 358 908 a
383 855 549 936 tempore
572 836 787 921 vetustiore,
828 835 894 907 sed
924 834 1034 905 otiam
1064 835 1102 906 in
1131 834 1299 907 seriores

200 963 316 1012 annos
330 936 541 1024 deductam,
568 939 700 1010 iterum
723 933 811 1006 addi
835 935 989 1007 curavit.
1040 935 1165 1006 Primo
1180 935 1301 1022 enim,

198 1039 354 1111 tathaee
375 1037 629 1136 Chronologia
656 1033 834 1134 deinceps
862 1061 938 1104 non
966 1052 1109 1106 tanturn
1128 1035 1300 1118 bivium,

197 1135 269 1212 aed
293 1136 404 1208 etiam
423 1137 645 1237 Dionysium
670 1131 982 1215 Halicarnalleum
1012 1133 1224 1230 legentibus
1254 1159 1302 1205 ex

199 1263 268 1312 utu
286 1237 384 1325 effet,
411 1236 449 1307 in
470 1263 550 1310 eam
570 1235 762 1338 adoptarit
779 1234 986 1306 universam
1004 1233 1303 1330 Ghronologiarn

199 1337 239 1410 in
254 1335 496 1435 Dionysium,
515 1345 635 1437 lquam
659 1359 757 1408 anno
785 1343 845 1407 olo
858 1345 1007 1405 loxxxu.
1029 1333 1212 1423 ediderat,
1242 1352 1304 1404 at-

81 1475 83 1482 ,
200 1461 274 1538 que
297 1436 349 1507 ita
374 1453 584 1536 temporum
606 1436 788 1508 rationem
813 1433 956 1533 incepit
984 1434 1140 1531 aTroja
1169 1451 1302 1532 capta.

199 1535 429 1626 Deindelini
455 1540 534 1635 ejus
566 1535 732 1626 adtexuit
765 1559 874 1606 omne
907 1534 1090 1632 temporie
1111 1534 1302 1632 spatium,

201 1637 305 1737 quod
327 1635 375 1707 ab
398 1661 519 1722 anno,
559 1663 635 1736 qua
664 1634 806 1708 Livium
837 1631 1021 1704 historiam
1052 1633 1179 1704 finiilla
1209 1659 1307 1704 ean·

121 1729 125 1752 ’
201 1738 296 1822 suit,
335 1759 454 1834 usque
488 1737 536 1810 ad
564 1745 828 1836 Imperatorem
859 1731 1099 1808 lastinianum
1136 1731 1307 1822 effluxit,

96 1887 112 1897 *a
159 1885 165 1898 ·
201 1834 393 1938 operieuo
415 1834 582 1911 inserens
604 1834 785 1933 reliquam
801 1829 1308 1931 ChronieiGalliodoripar-

200 1955 296 2021 tem,
311 1959 444 2032 ⁶quam
471 1937 571 2034 prius
588 1932 804 2009 Haloander
828 1933 1056 2005 emendarat.
1109 1933 1204 2031 Quia
1235 1959 1310 2003 au·

172 2092 177 2117 „
202 2053 281 2109 tem·
303 2033 508 2136 Episcopus
531 2031 845 2122 constantiensis,
876 2032 936 2104 oui
958 2031 1045 2102 olim
1072 2057 1168 2131 opus
1193 2032 1311 2104 dedi·

204 2151 328 2221 carat,
354 2151 464 2206 antea
482 2161 502 2207 e
522 2135 611 2209 rivis
634 2134 805 2221 eederet,
832 2157 940 2231 quam
954 2133 1129 2206 Glareani
1151 2131 1313 2205 dedica-

204 2236 344 2309 tionem
369 2233 493 2306 videre
514 2234 710 2334 patuillet,
736 2257 871 2304 noram
894 2257 993 2303 nuno
1015 2233 1122 2332 operi
1146 2257 1217 2304 euo
1239 2257 1314 2348 pa·

205 2356 353 2410 monum
387 2358 431 2406 ae
463 2352 622 2407 tutorem
654 2333 832 2419 adscivit,
876 2332 996 2431 ipsum
1024 2331 1314 2404 Fordinandum

208 2437 429 2519 Caesarem,
472 2433 672 2506 Bohemiaa
712 2451 749 2506 at
784 2431 996 2528 Hungeriae
1030 2437 1190 2529 Regem,
1242 2433 1315 2505 cui

210 2531 498 2629 Chronologiam
526 2535 564 2605 in
586 2527 801 2632 Dionysium
822 2531 1131 2604 Halicarnelleum
1155 2555 1317 2604 sueram

211 2635 281 2706 elle
310 2631 492 2704 voluerat:
540 2633 713 2706 Tandem
737 2633 943 2707 Glareanus
967 2631 1131 2704 ultimam
1153 2657 1318 2704 manum

212 2731 527 2808 Anaotationibus
556 2731 755 2824 inlaivium
780 2730 975 2833 inposuit‚·
1001 2756 1141 2828 easque
1163 2732 1320 2805 Garolo

130 2891 134 2898 .
216 2833 347 2930 quinto
366 2833 585 2931 Imperatori
603 2831 795 2906 dedicatae
816 2857 914 2904 anno
934 2841 995 2904 ola
1009 2838 1044 2900 la
1056 2859 1111 2926 xp.
1130 2832 1322 2906 michaeli

189 2963 193 2970 ·
218 2929 415 3030 lsingrinio
439 2933 673 3006 excudendas
694 2932 848 3005 tradidit
869 2931 975 3004 simul
995 2933 1324 3005 oum'Ghronolo·

218 3030 297 3130 Βίας
325 3032 430 3130 eujus
451 3031 582 3105 iterum
601 3030 873 3106 Praelationem
897 3031 1236 3104 adFerdinandum
1258 3034 1326 3104 in·

218 3129 417 3232 terpolavit
440 3157 485 3204 ao
505 3135 656 3206 recoxit.
685 3137 867 3220 ·Verum,
901 3131 1005 3230 quod
1035 3131 1215 3250 proximir
1246 3157 1327 3204 an-

219 3231 278 3304 nia
297 3228 422 3302 lairias
451 3230 648 3330 aliquoties
672 3231 864 3333 prodiill'et
875 3283 887 3322 ,
923 3249 961 3304 et
981 3248 1072 3304 eatis
1093 3256 1230 3328 magna
1252 3257 1328 3303 ex·

221 3329 437 3430 emplarium
460 3333 570 3432 eopia
589 3331 813 3434 supereffet,
839 3356 934 3428 quae
958 3355 1025 3430 per
1046 3356 1174 3412 omnes
1195 3329 1331 3405 libra.

220 3429 361 3504 riorum
382 3430 556 3504 tabernae
580 3431 776 3505 commode
794 3430 918 3530 parari
938 3447 1130 3528 poterant,
1157 3429 1334 3505 Glarea-

222 3555 314 3617 nus,
347 3530 480 3604 amillio
503 3531 617 3630 ipsius
634 3532 729 3605 Livii
751 3530 890 3616 verbis,
923 3529 1196 3603 Annotationea
1227 3555 1335 3607 suas

224 3653 391 3705 seorsum
413 3631 543 3704 excudi
564 3632 704 3705 curarit
724 3656 771 3704 eo
791 3628 967 3716 oonsilio,
989 3647 1044 3719 ut,
1072 3630 1135 3728 qui
1155 3631 1231 3723 jam
1253 3657 1338 3706 an.

143 3724 146 3734 ’
226 3727 392 3803 teeLiril
411 3728 577 3806 historias
596 3731 806 3820 habebant,
829 3729 1073 3827 eumdemque
1091 3729 1338 3829 scriptorem

226 3827 285 3902 bie
315 3853 437 3902 emera
467 3831 665 3927 nplebant,
711 3856 778 3904 euo
809 3828 1048 3902 nihilominus
1078 3828 1210 3902 labore
1238 3830 1339 3906 frui

225 3927 380 4028 polleat.
430 3931 472 4000 In
494 3931 566 4004 hoc
588 3956 701 4032 opera
723 3927 884 4027 quamvis
898 3928 1104 4002 Glareanut
1124 3951 1201 4000 aon
1221 3935 1339 4008 male

142 4027 144 4034 '
228 4028 276 4100 de
299 4027 401 4100 Liria
426 4030 579 4103 meritus
604 4031 673 4119 rit,
711 4027 842 4102 mirum
865 4047 990 4102 tamea
1018 4027 1134 4100 videri
1160 4033 1339 4126 nequit,

229 4151 314 4229 eum
333 4149 410 4200 noa
427 4145 570 4206 tantum
589 4146 801 4232 aueoeptam
818 4128 1010 4206 materiam
1028 4127 1222 4206 exhaurire
1242 4155 1339 4210 non
