2726 4676
188 285 294 338 um
413 213 1052 348 ’.,ι>ιίΑ“ι]ιε“Α.Τι(,)’1

191 481 445 570 Ιαωὶητίῑιιιη
465 508 512 556 uc
534 493 635 556 motu
656 480 787 554 mortis
811 499 1005 565 coactum,
1039 503 1116 552 non
1142 501 1234 552 vero
1259 471 1302 544 ni

144 667 149 678 ι
191 584 358 660 veritatis
385 585 538 673 victum,
577 607 673 682 quae
704 589 872 654 errorum
900 582 1051 654 nomine
1073 578 1227 677 objecta
1257 600 1301 645 e·
1331 629 1332 648 t

190 687 297 774 rant,
323 685 489 784 ejuralle.
541 691 625 784 lpse
649 681 749 754 enim
767 682 877 756 Valla
899 681 1052 754 testatur
1072 681 1111 750 iu
1125 675 1309 780 Apolog,

189 803 327 860 <contra
342 779 607 858 Calumniator.
621 805 703 883 pag.
713 783 800 880 ι796.
818 781 924 858 seab
939 779 1099 854 inimicia
1115 781 1306 852 adactum
1331 815 1332 862 3

192 883 315 973 fuiffe,
342 901 400 972 ut,
428 882 653 983 interposito
675 882 939 980 jurejurando,
967 881 1226 964 confiteretur,
1258 899 1308 947 se

194 985 314 1059 errari
334 982 413 1058 sibi
428 989 553 1071 versa,
581 1006 679 1104 guas
702 982 760 1053 vel
785 1006 897 1071 voce,
923 979 982 1053 tel
1006 981 1148 1082 scripto
1173 977 1306 1049 disse·

193 1087 374 1175 minorat,
413 1109 457 1156 cx
486 1083 598 1180 auinu
630 1081 815 1156 sententia
848 1107 1032 1156 revocare.
1091 1084 1308 1153 Praeterea

192 1183 260 1259 lib.
280 1209 331 1259 rr.
357 1181 484 1259 Autid.
515 1183 553 1256 in
574 1185 687 1280 Pogg.
713 1207 796 1282 pag.
816 1183 902 1258 361.
931 1180 1091 1254 adventu
1116 1203 1332 1280 quorum·¹

193 1285 278 1360 dam
329 1309 525 1376 rocarum,
563 1282 629 1404 gui
654 1281 769 1362 acab
788 1287 891 1380 Rege
922 1279 1067 1370 milloa,
1097 1297 1140 1352 ut
1162 1276 1309 1375 injuste

85 1437 90 1447 -
169 1311 366 1486 =opprello
391 1383 567 1458 auxilium
592 1379 756 1470 ferram,
783 1381 1064 1478 significabant,
1092 1384 1308 1478 absolutio·

193 1512 276 1579 nem
307 1489 375 1556 sibi
401 1509 503 1556 more
530 1485 781 1567 consessorum
807 1488 956 1568 jactam
984 1506 1068 1556 esse.
1122 1479 1309 1578 Denique

194 1587 234 1660 in
253 1583 412 1685 Apulog.
444 1603 576 1658 contra
597 1583 762 1657 Galumn.
789 1609 874 1683 pag,
896 1605 984 1682 797.
1012 1590 1131 1674 ipsum
1159 1585 1307 1674 Regem

195 1691 264 1762 sibi
286 1692 338 1758 uel
363 1689 531 1775 dedisse,
558 1689 611 1756 uel
633 1707 903 1774 superuacuum
927 1685 1077 1759 duxisse
1096 1687 1306 1754 absolutio-

197 1805 290 1861 nem.
346 1785 458 1884 Quod
483 1801 605 1858 autem
629 1781 678 1858 ad
701 1784 863 1857 additam
884 1781 1067 1884 virgarum
1092 1779 1312 1880 colligatio-

196 1899 283 1963 nem
313 1886 480 1974 adtinet,
520 1910 601 1958 eam
633 1884 758 1957 nullus
787 1884 1110 1973 adversariorum,
1149 1899 1311 1980 praeter

199 1992 253 2062 Po
281 1985 400 2084 gium,
433 1983 590 2084 hostium
612 1983 903 2071 acerbillimum,
930 2010 1106 2083 umquam
1132 1981 1312 2078 objicere

201 2011 384 2162 tullinuit.
446 2093 530 2187 lpse
556 2084 706 2186 quidem
728 2083 837 2162 Valla
862 2081 952 2157 ibid.
976 2109 1059 2183 pag.
1078 2083 1162 2160 Boc.
1190 2079 1332 2154 tetta-w

202 2185 279 2274 t'ur,
304 2209 342 2256 se
363 2179 454 2258 satis
476 2188 693 2276 abundeque
715 2209 916 2276 poenarum
940 2188 1080 2256 dedisse
1089 2215 1101 2274 ;
1130 2201 1168 2256 at
1192 2179 1332 2262 simul}

122 2301 130 2310 “
205 2286 314 2360 etiam
339 2285 404 2360 lib.
423 2309 470 2358 lt.
505 2285 632 2368 Antid.
662 2283 700 2356 in
726 2289 838 2381 Pogg.
868 2309 952 2384 pag.
978 2285 1063 2360 362.
1095 2282 1332 2357 constanter,

178 2401 337 2491 ,negot,
364 2409 405 2458 ae
424 2385 536 2482 virgis
559 2409 707 2459 caesum
727 2383 850 2457 suillas
878 2409 1034 2484 eamque
1052 2407 1213 2485 poenam
1232 2381 1332 2452 hoo*

208 2501 431 2586 argumento
449 2481 536 2557 falsi
555 2485 780 2558 convincare
798 2502 971 2573 conatur,
1000 2491 1134 2580 Regem
1153 2507 1190 2554 se
1208 2493 1316 2571 post-

110 2582 112 2595 *
210 2613 254 2658 ea
283 2587 499 2672 honoribus,
536 2585 739 2675 beneficiis,
770 2587 1034 2670 familiaritate
1058 2609 1151 2674 sua,
1186 2589 1241 2652 ita
1268 2591 1318 2652 ut

92 2748 124 2788 ,x
212 2689 292 2774 ejus
310 2698 517 2775 praeceptor
538 2697 648 2773 esset,
674 2700 906 2776 prosecutum
921 2692 1066 2772 faisse:
1103 2681 1204 2786 quod
1232 2705 1319 2753 non

212 2785 355 2891 leciil'ct
364 2839 376 2876 ,
402 2787 435 2859 si
447 2803 635 2884 tamquam
654 2785 700 2858 dc
714 2783 896 2884 religione
910 2789 1007 2861 malo
1023 2787 1187 2860 sentiens
1200 2782 1320 2880 igno·

125 2907 129 2913 ·
213 2884 425 2963 miniatum
449 2885 585 2984 insigni
611 2902 762 2959 natatus
786 2886 884 2960 ellat.
935 2891 983 2961 Et
1006 2911 1118 2969 sana,
1155 2883 1188 2955 si
1210 2885 1323 2954 Nea·

215 2977 295 3090 itali
316 2986 456 3059 crimen
473 2984 584 3083 virgis
603 2985 733 3075 luillet,
761 3009 836 3085 quo
855 2987 1003 3061 tandem
1024 2999 1216 3086 praetextu
1242 2983 1325 3054 ini·

212 3085 321 3176 mici,
342 3102 380 3160 et
396 3085 617 3186 praesertim
633 3110 760 3159 eorum
778 3085 851 3157 dur
867 3103 903 3158 et
916 3087 1194 3185 antesignanus,
1217 3105 1332 3168 unus¹

222 3185 270 3260 dc
301 3185 625 3285 majoribusssnatu
659 3201 697 3258 et
723 3183 902 3282 dignitate
931 3186 1070 3288 Episco
1100 3209 1164 3271 us,
1208 3185 1327 3282 cujus

223 3309 349 3360 rerum
379 3307 515 3358 nomen
542 3285 706 3386 Caiphae
731 3284 983 3385 adpellationc
1004 3211 1114 3362 valia
1143 3283 1332 3356 dissimu-

223 3385 296 3473 lat,
324 3411 406 3459 eum
429 3385 555 3487 postea
576 3383 718 3458 Romae
740 3383 840 3483 apud
856 3385 1060 3483 Eugenium
1077 3390 1140 3462 tv.
1163 3381 1329 3456 Pontifi-

225 3511 306 3560 cem
321 3492 528 3559 Romanum
553 3483 718 3586 ejusdem
739 3483 903 3557 criminis
927 3511 1123 3572 accusare,
1151 3501 1189 3556 et
1209 3481 1332 3554 insta-1

226 3597 269 3660 'ro
291 3586 490 3688 potuill'cnt
503 3639 514 3676 ,
554 3605 596 3659 ut
619 3583 765 3659 absenti
788 3601 824 3656 et
847 3583 1015 3659 inaudito
1039 3610 1197 3686 poenam
1217 3584 1332 3655 inro-

230 3684 363 3786 garet?
398 3687 497 3759 undc
523 3704 565 3760 et
579 3685 712 3774 Valla,
747 3683 884 3784 scripta
909 3687 1114 3785 Apologia,
1154 3709 1195 3759 so
1221 3683 1332 3784 apud

231 3787 401 3859 cumdem
425 3787 631 3885 Eugenium
661 3783 863 3858 defendere
893 3799 1047 3865 coactus
1076 3783 1138 3858 est.
1166 3787 1332 3881 *Nequu

232 3887 408 3960 convenit
429 3886 526 3958 inter
549 3887 753 3986 scriptores
775 3884 821 3956 de
843 3903 1029 3984 tempore,
1057 3911 1133 3984 quo
1151 3882 1263 3960 Valla
1290 3883 1332 3958 iu

232 3986 301 4058 hus
316 3985 546 4060 calamitates
555 3985 699 4059 incidit
723 3989 764 4057 ln
779 4009 913 4057 annum
925 3984 1054 4060 Christi
1066 3993 1332 4064 aloccccxuvu,

232 4084 402 4162 referunt
413 4087 572 4163 Bruuius
589 4087 628 4160 in
639 4083 772 4164 Aonal.
785 4082 929 4161 Euclea.
949 4084 999 4161 ad
1016 4111 1099 4162 eum
1116 4109 1201 4160 ann.
1221 4084 1253 4178 §.
1266 4111 1332 4160 ao,
