2726 4676
202 387 206 394 .
288 315 380 385 AD
432 311 886 404 LECTOREM.
1109 335 1172 394 m

87 553 157 617 rilii
172 559 354 634 praetextu
376 553 567 619 Busilrum
593 553 796 638 profectos,
832 563 969 621 reuocet
980 577 993 636 ‚·
1023 569 1085 618 nec
1103 571 1170 636 po·

82 656 196 718 riatur
212 659 281 719 tres
300 655 426 737 esuis,
453 657 516 742 qui
542 655 754 722 Cordinrctes
769 655 812 722 uir
837 657 1005 722 Amndeo
1027 653 1169 720 Sobnu-

80 753 194 818 diensi
216 755 326 819 rreutc'
355 755 535 842 suerunt,
572 767 784 824 revertentes
816 773 880 842 pru
912 753 1168 822 Cnrdr'nntr'irus

12 879 13 886 ¹
75 855 210 935 suscipi
229 853 406 921 hubertus.
461 855 501 920 st
517 859 633 939 posito
652 859 729 942 ejus
750 859 896 923 lrnnon's
918 859 1025 923 tituto
1052 857 1167 922 uenire

75 965 242 1040 renuunt,
270 957 343 1038 ipse
367 957 558 1036 Pontijicr's
577 955 735 1025 edictum
755 977 839 1032 cum
860 977 949 1024 curn
968 959 1003 1024 in
1025 975 1086 1022 ros
1105 979 1167 1021 rc·-

71 1065 261 1139 sequntur.
314 1051 427 1148 Regis
458 1053 515 1123 sui
545 1057 713 1154 exemplo
736 1055 843 1126 otiam
876 1051 983 1129 Valla
1004 1053 1167 1124 cunc-iliu

69 1149 278 1222 Besileeusi
306 1151 496 1239 adhaesit,
523 1155 678 1250 eiusque
702 1171 782 1227 acta
804 1149 986 1254 probarit.
1039 1151 1167 1224 Postes

71 1269 177 1321 certe
203 1251 407 1323 adversarii
429 1251 501 1350 ipsi
532 1255 632 1351 epud
654 1255 859 1352 Eugenium
884 1253 1027 1323 crimini
1062 1253 1169 1322 dede-

71 1365 189 1437 runt,
220 1353 319 1440 quod
347 1356 524 1422 aduersus
549 1359 699 1447 Eugenii
731 1361 948 1448 dignitatern
978 1355 1028 1422 nd
1053 1359 1167 1424 conri-

74 1458 166 1521 lium
191 1456 402 1522 Basilesnse
426 1459 652 1542 scripsisset,
685 1467 719 1526 et
743 1461 837 1527 illinc
862 1457 1032 1538 beneficio
1060 1459 1169 1542 imps-

74 1565 217 1622 trosset.
271 1553 343 1625 Cui
362 1555 593 1626 accusationi
612 1555 650 1626 iu
667 1555 852 1656 Apologia
868 1581 937 1654 pro
957 1579 998 1628 se
1020 1567 1056 1626 et
1079 1579 1169 1626 rou·

75 1669 132 1723 trs
148 1652 437 1724 calumniatores
471 1655 520 1726 ed
543 1657 746 1753 Eugenium
763 1663 826 1733 lv.
851 1657 1065 1728 Pontificem
1091 1659 1169 1726 llls·

73 1752 225 1837 simum,
252 1778 354 1849 quae
370 1753 467 1824 inter
489 1755 570 1850 ejus
597 1780 712 1856 opere
731 1757 831 1829 edita
851 1755 974 1841 exstat,
1003 1751 1093 1825 nihil
1111 1779 1169 1826 re·

73 1853 217 1950 posuit3
258 1853 388 1923 sedin
418 1854 491 1924 line
515 1879 597 1952 pag.
622 1859 709 1928 lloo.
736 1881 776 1930 sc
801 1854 916 1929 sltern
939 1851 1110 1927 orations
1135 1847 1180 1928 ei.

73 1977 343 2052 responsurum
379 1955 563 2050 promisit.
621 1955 663 2027 ld
705 1959 813 2028 etiam
852 1955 976 2028 facille
1013 1955 1167 2026 ridetur.

72 2055 164 2122 Nam
181 2053 358 2126 Orderic.
380 2051 553 2126 Rainald.
575 2054 613 2126 in
637 2054 772 2128 Annei.
794 2051 936 2129 Ecclcs.
963 2053 1010 2126 ad
1033 2079 1170 2126 cunum

76 2175 284 2225 necessum.
311 2154 344 2244 ᾗ.
362 2177 398 2244 9.
424 2152 571 2252 profert
592 2157 812 2255 particulam
837 2155 1018 2226 orationis
1040 2153 1170 2228 velles

77 2251 123 2320 ad
137 2253 345 2350 Eugenium
367 2255 428 2324 tV.
448 2275 492 2324 ex
511 2253 662 2343 Hieron.
678 2254 872 2328 Donzelin.
896 2279 978 2354 pag.
992 2257 1075 2348 416.
1097 2276 1172 2352 qua

73 2377 113 2422 se
135 2352 302 2424 criminis
324 2349 464 2448 objecti
482 2379 585 2425 reum
606 2356 787 2452 agnoscit,
810 2373 848 2428 et
866 2355 1012 2454 culpam
1036 2354 1073 2424 in
1093 2377 1171 2426 ma·

73 2453 302 2545 gnitudinem
337 2451 589 2552 tempestatis,
616 2479 713 2552 quae
732 2455 908 2556 proximis
939 2451 1172 2553 temporibus

74 2551 280 2624 Ecclesium
297 2551 483 2641 turbarat,
509 2555 713 2650 conjiciens
728 2555 883 2656 supplex
898 2555 1171 2628 commillorunt

74 2653 210 2723 reniam
234 2651 343 2749 petit.
398 2653 569 2725 Ceterum
586 2653 674 2726 lieet
693 2657 801 2730 Vella
817 2657 915 2726 circa
932 2679 1016 2726 cnm
1033 2677 1170 2724 sunum

74 2753 393 2826 Declamationem
411 2751 510 2824 hsnc
527 2751 730 2854 scripserit,
756 2771 878 2828 utrum
898 2769 1021 2825 tamen
1038 2753 1171 2826 eodem

74 2869 236 2954 tempore
260 2851 376 2924 ctiam
398 2851 569 2942 ediderit,
595 2854 795 2928 admodum
816 2853 957 2940 dubito,
986 2853 1072 2950 quia
1086 2851 1170 2925 nul·

72 2952 127 3024 lus
149 2951 412 3038 aemulorum,
444 2949 508 3050 qui
531 2953 650 3054 ipsum
675 2953 826 3052 publice
851 2950 1001 3052 scriptis
1027 2951 1172 3026 inrese-

69 3069 173 3143 runt,
194 3079 303 3125 ream
328 3076 505 3152 umquam
530 3053 694 3151 objecitc
760 3054 834 3127 uod
853 3067 977 3126 temen
1001 3077 1172 3151 praescr·

69 3155 131 3224 tim
158 3179 238 3224 non
273 3151 632 3252 praetermisill'snt,
674 3079 895 3254 qnilruscum
921 3175 1004 3224 eum
1028 3159 1171 3226 nomas

69 3254 301 3326 coutendille
327 3253 430 3327 infra
451 3251 678 3341 ridebimus,
705 3252 865 3352 Poggius
889 3269 926 3326 et
945 3253 1170 3326 Benedictus

66 3353 295 3441 Mor-sudus,
323 3367 367 3424 ut
387 3349 677 3441 adversarium*
693 3379 802 3452 quem
823 3353 896 3450 jam
925 3351 1043 3452 grstia
1072 3353 1171 3453 apud

66 3455 263 3528 Pontifices
289 3449 498 3540 Maximus,
524 3450 681 3551 Eugenii
705 3453 953 3540 succellores,
977 3451 1169 3525 Nicolaum

66 3559 110 3630 V.
131 3571 168 3627 et
183 3552 379 3631 Callistum
395 3561 457 3622 ΙΙΙ.
482 3551 618 3626 llorere
636 3551 833 3643 ridebunt,
860 3549 992 3626 iisdem
1014 3552 1169 3624 inrisum

65 3657 269 3730 redderent.
330 3654 498 3728 Primam
527 3653 672 3725 demum
700 3652 779 3752 ejus
812 3652 1038 3726 mentionem
1062 3678 1171 3754 repe·

63 3758 112 3830 rio
133 3760 233 3858 spud
248 3753 342 3832 Jolr.
359 3747 611 3833 urimenus·
630 3753 768 3854 Script.
788 3749 932 3828 Ecelcs.
948 3777 1047 3824 num.
1066 3779 1171 3827 occu.

58 3859 117 3959 qui
131 3858 269 3934 librum
302 3857 415 3928 huuc
439 3851 556 3926 edidit
583 3869 732 3926 mortuo
756 3853 913 3952 jamdiu
941 3848 1048 3928 Valla
1071 3879 1170 3926 anno

56 3987 257 4037 nceccrcu.
281 3959 391 4032 'I'um
409 3949 705 4054 apudtlaphse'l.
724 3953 1010 4030 Volaterranum
1024 3951 1087 4024 lib.
1099 3979 1170 4024 xxc.

54 4066 252 4140 Commeut.
282 4055 447 4134 Urbau.
480 4075 566 4152 pag.
589 4062 688 4149 enfin
704 4077 829 4139 versa,
868 4051 982 4124 seculi
1004 4053 1171 4124 sextide·

52 4166 127 4242 clmi'
142 4167 419 4268 scriptorem,
448 4167 580 4253 utpote
599 4154 664 4256 qui
685 4180 786 4330 ἕρπω
808 4152 902 4226 illud
924 4150 1025 4226 lulio
1040 4159 1085 4224 11.
1109 4177 1168 4222 ur-
