2726 4676
287 317 382 391 AD
433 313 882 392 morotum.
1081 335 1163 387 anx

754 445 1159 476 ..μαψ-ἱ

82 539 137 624 ed,
167 535 251 614 viri
274 535 393 610 Docti
423 515 653 612 invenerunt.
717 519 854 614 i'erum
887 539 936 615 de
966 535 1162 637 codicibus

78 639 174 711 editis
200 661 253 707 us
278 661 456 736 umquam
489 635 636 736 quidam
660 624 1061 740 'oogitovitfiigoniuh
1098 637 1164 810 gui
1201 703 1205 712 .

79 739 294 814 Glereauum
325 739 508 808 LIBROS
530 742 693 811 Mutus
724 743 861 810 adiisse
891 739 1048 839 negarit.
1131 735 1162 805 i·

77 836 144 908 mul
162 833 293 934 itaqua
311 859 440 908 verum
462 835 530 926 est,
567 836 624 910 vel
643 863 767 911 rerum
791 839 861 913 elis
880 837 1024 941 potest,
1073 835 1162 912 Gla·

77 961 240 1024 resnum,
268 951 310 1008 ut
330 933 412 1035 ipse
433 934 550 1010 videri
569 937 708 1028 voluit,
742 965 785 1010 ee
811 945 1005 1020 collatione
1025 943 1163 1010 mutto·

75 1061 153 1108 rum
176 1039 467 1125 exemplarium,
494 1035 532 1109 id
553 1035 603 1110 est
620 1039 846 1129 editionum,
872 1047 980 1132 pluro
1001 1045 1095 1110 Liuii
1112 1043 1164 1108 io·

75 1137 375 1223 emendasse,
409 1151 448 1209 st
466 1135 632 1225 eumdem
653 1139 896 1230 Glareanum,
933 1141 1035 1240 quod
1056 1137 1166 1236 Sigo-

72 1233 404 1322 nius'adfin'navte,
438 1259 482 1305 ne
506 1239 641 1308 adiisse
665 1242 813 1330 quidem
839 1245 949 1312 iseros
970 1248 1093 1312 Meter
1115 1241 1166 1308 ei·

77 1343 164 1406 deri.
217 1335 336 1422 Sene,
373 1333 406 1406 si
429 1359 516 1408 tore
538 1335 690 1410 codices
714 1339 858 1413 ualemo
880 1355 1051 1414 exoratos
1074 1363 1168 1412 eon·

76 1431 260 1522 auluilfet,
294 1432 473 1506 indiculis
504 1453 742 1528 uortusrat,
777 1438 810 1510 si
841 1464 918 1512 non
949 1463 1060 1537 quum
1090 1435 1168 1539 pri·

77 1557 173 1604 murs
192 1530 513 1606 Annotstiooass
540 1552 641 1624 eret,
683 1554 723 1608 at
753 1553 854 1612 uerte
887 1563 999 1632 quum
1031 1557 1168 1610 assos

79 1629 198 1702 adiiii'a
216 1629 397 1702 advorsus
412 1629 605 1725 sigonium
623 1634 849 1732 probaturus
867 1637 965 1726 sll'et,
993 1635 1056 1736 qui
1078 1659 1168 1735 qus·

75 1729 172 1802 leave
191 1725 356 1818 fuerim
392 1743 516 1800 utrum
541 1727 620 1827 ipse
644 1752 709 1804 eos
731 1729 953 1831 poffideret,
989 1759 1035 1806 sn
1060 1733 1107 1806 ab
1129 1757 1170 1806 a·

74 1827 151 1916 liis,
185 1841 225 1899 st
242 1851 265 1898 a
285 1825 422 1926 quibus
433 1878 446 1914 ‚
479 1827 638 1902 utendos
660 1829 866 1932 aooepiffet.
915 1835 971 1904 Ea
991 1831 1088 1902 enim
1108 1856 1170 1903 ra·

75 1927 196 2015 tione,
233 1925 341 2026 quod
368 1921 547 2022 Sigonius
576 1926 735 2025 objecit,
799 1953 968 2032 erponem
999 1929 1070 2002 sibi
1103 1928 1170 2002 ob·

72 2027 212 2126 jectum
239 2025 330 2112 affe,
364 2022 537 2098 omnibus
560 2025 669 2098 fidem
691 1953 842 2101 tectior.
893 2029 1030 2105 Vident
1055 2027 1169 2126 igitur

73 2125 191 2200 Andr.
226 2125 430 2213 schottus,
469 2147 543 2222 qua
577 2126 798 2200 auctoritate
828 2127 892 2202 tib.
921 2156 977 2202 nr.
1011 2125 1169 2204 observ.

74 2229 236 2298 Humum
260 2249 343 2324 eap.
363 2249 510 2295 unm.
529 2223 786 2314 adfirmaverit,
812 2251 890 2300 non
909 2243 1050 2301 tantum
1069 2227 1170 2299 Rhe·

72 2351 239 2413 nanum,
280 2322 347 2396 aad
376 2323 487 2396 etiem
515 2323 738 2398 Glareanum
777 2329 831 2398 nd
862 2340 994 2400 veteres
1027 2327 1170 2400 codices

76 2426 295 2497 CALAMO
309 2427 585 2495 EXARATOS
598 2431 820 2500 Patauinum
838 2427 1051 2500 historicum
1071 2449 1169 2496 eom·

72 2545 240 2616 pnrosse.
303 2527 359 2596 Ex
384 2523 444 2594 his
472 2511 649 2600 Glareani
679 2524 895 2618 laboribus,
933 2527 1038 2602 Livio
1071 2523 1170 2598 inlu·

74 2624 228 2698 litando
247 2621 436 2795 iugum,
461 2623 586 2696 emilia
605 2625 687 2722 ejus
704 2625 953 2798 Ghrouoloffia
964 2679 974 2713 ‚
1002 2625 1091 2724 quia
1110 2609 1170 2699 Si·

74 2725 213 2820 genius
227 2747 281 2824 po
372 2720 482 2794 aliem
498 2722 686 2797 meliorem
702 2742 740 2797 et
752 2726 902 2800 Chrono
918 2727 1036 2825 ogiae,
1057 2749 1170 2824 quarn

74 2825 202 2897 Livius
226 2839 379 2896 saoutus
403 2821 474 2909 est,
509 2821 625 2920 magia
649 2824 928 2898 convenientem
951 2825 1073 2912 dedit,
1106 2849 1169 2897 so·

73 2923 134 2996 las
159 2927 244 3022 ejus
270 2921 546 2997 Annotatioues
576 2923 647 2996 hae
678 2921 842 2998 editione
872 2925 989 3026 repeti
1021 2923 1168 3012 ourani,
1245 3009 1250 3018 Ι

71 3025 138 3097 hie
159 3024 299 3096 iterum
318 3021 477 3094 sollicite
496 3021 717 3110 observans,
740 3041 781 3095 ut
800 3024 850 3097 eb
868 3023 1058 3098 erroribus
1079 3033 1169 3122 opa-

71 3149 221 3213 rarum,
248 3145 347 3220 quos
367 3119 549 3223 plurimos
569 3123 783 3194 invexerunt
801 3125 1047 3212 recentiores,
1076 3123 1169 3196 libs·
1232 3149 1236 3158 ·

71 3243 183 3298 ratae
215 3221 267 3296 ad
295 3219 463 3321 priorum
490 3219 693 3294 editionum
716 3223 825 3296 fidem
849 3223 1146 3298 describerentur
1154 3245 1167 3315 ς

70 3320 913 3498 &omittittttti‘ttdtti·
952 3321 1168 3520 ‘titii'

914 3476 925 3512 ἱ
1156 3472 1170 3512 5

71 3549 124 3595 ne
144 3524 275 3620 plures
297 3544 500 3594 memorem
513 3571 526 3610 ‚
558 3519 772 3620 Doujetium
799 3523 964 3600 ineidiffa
986 3545 1100 3625 supra
1120 3519 1171 3595 ad
1221 3569 1226 3574 -

71 3623 170 3700 Livii
191 3623 256 3696 lib.
276 3648 325 3698 n.
351 3645 438 3722 oap.
458 3645 526 3694 ιιι.
548 3621 578 3714 §.
596 3625 634 3717 4.
658 3621 829 3698 vidimus.

149 3818 446 3924 quintodecimo
464 3819 546 3920 post
565 3843 686 3907 anno,
722 3845 829 3918 quam
848 3821 1024 3900 Glareani
1048 3827 1174 3896 Anno·

75 3923 238 3997 tationes
258 3919 296 3995 in
314 3919 463 3996 Livium
482 3920 601 3992 iucem
621 3921 886 4020 adspexerant,
913 3924 1093 4000 cenom
1112 3923 1176 3995 Sl·

76 4025 236 4114 Gonu,
270 4021 416 4097 viride
444 4019 558 4091 literis
585 4019 866 4098 humanioribus
894 4041 932 4095 et
957 4021 1057 4096 omni
1081 4019 1178 4094 enti·

80 4124 219 4222 quitata
227 4177 242 4218 ,
269 4123 302 4200 si
325 4120 532 4224 quisquam
554 4118 668 4211 alius,
701 4121 998 4234 optimemeriti,
1025 4117 1179 4198 Scholia
