<?xml version="1.0" encoding="UTF-8"?>
<!DOCTYPE html PUBLIC "-//W3C//DTD XHTML 1.0 Transitional//EN"
    "http://www.w3.org/TR/xhtml1/DTD/xhtml1-transitional.dtd">
<html xmlns="http://www.w3.org/1999/xhtml" xml:lang="en" lang="en">
 <head>
  <title>
</title>
<meta http-equiv="Content-Type" content="text/html;charset=utf-8" />
  <meta name='ocr-system' content='tesseract 3.04.00' />
  <meta name='ocr-capabilities' content='ocr_page ocr_carea ocr_par ocr_line ocrx_word'/>
</head>
<body>
  <div class='ocr_page' id='page_1' title='image "./tliviipatavinih08livygoog_0086.png"; bbox 0 0 2638 4684; ppageno 0'>
   <div class='ocr_carea' id='block_1_1' title="bbox 304 293 1159 373">
    <p class='ocr_par' dir='ltr' id='par_1_1' title="bbox 116 249 1159 373">
     <span class='ocr_line' id='line_1_1' title="bbox 304 293 1159 373; baseline 0.006 -7.919"><span class='ocrx_word' id='word_1_1' title='bbox 304 293 406 368; x_wconf 73' lang='lat' dir='ltr'><strong>tu</strong></span> <span class='ocrx_word' id='word_1_2' title='bbox 457 295 906 373; x_wconf 75' lang='lat' dir='ltr'><strong>cncuounn.</strong></span> <span class='ocrx_word' id='word_1_3' title='bbox 1055 325 1159 372; x_wconf 71' lang='lat' dir='ltr'><strong>nm</strong></span> 
     </span>
    </p>
   </div>
   <div class='ocr_carea' id='block_1_2' title="bbox 63 513 1254 3190">
    <p class='ocr_par' dir='ltr' id='par_1_2' title="bbox 63 513 1254 3190">
     <span class='ocr_line' id='line_1_2' title="bbox 65 513 1163 617; baseline 0 -23"><span class='ocrx_word' id='word_1_4' title='bbox 65 522 305 594; x_wconf 83' lang='lat' dir='ltr'><strong>clalomrx.</strong></span> <span class='ocrx_word' id='word_1_5' title='bbox 325 513 466 590; x_wconf 92' lang='lat' dir='ltr'><strong>librum</strong></span> <span class='ocrx_word' id='word_1_6' title='bbox 484 518 584 590; x_wconf 88' lang='lat' dir='ltr'><strong>hunc</strong></span> <span class='ocrx_word' id='word_1_7' title='bbox 602 517 760 617; x_wconf 87' lang='lat' dir='ltr'><strong>primurn</strong></span> <span class='ocrx_word' id='word_1_8' title='bbox 775 543 941 592; x_wconf 80' lang='lat' dir='ltr'><strong>scorsum</strong></span> <span class='ocrx_word' id='word_1_9' title='bbox 961 517 1043 592; x_wconf 88' lang='lat' dir='ltr'><strong>aliia</strong></span> <span class='ocrx_word' id='word_1_10' title='bbox 1059 521 1163 595; x_wconf 83' lang='lat' dir='ltr'><strong>emit·</strong></span> 
     </span>
     <span class='ocr_line' id='line_1_3' title="bbox 64 617 1196 717; baseline 0.003 -26"><span class='ocrx_word' id='word_1_11' title='bbox 64 637 163 708; x_wconf 80' lang='lat' dir='ltr'><strong>teus,</strong></span> <span class='ocrx_word' id='word_1_12' title='bbox 196 617 246 692; x_wconf 90' lang='lat' dir='ltr'><strong>ad</strong></span> <span class='ocrx_word' id='word_1_13' title='bbox 266 617 383 688; x_wconf 86' lang='lat' dir='ltr'><strong>linem</strong></span> <span class='ocrx_word' id='word_1_14' title='bbox 408 619 488 717; x_wconf 87' lang='lat' dir='ltr'><strong>ejus</strong></span> <span class='ocrx_word' id='word_1_15' title='bbox 513 617 731 708; x_wconf 72' lang='lat' dir='ltr'>addiderat,</span> <span class='ocrx_word' id='word_1_16' title='bbox 771 619 857 716; x_wconf 90' lang='lat' dir='ltr'><strong>quia</strong></span> <span class='ocrx_word' id='word_1_17' title='bbox 881 643 1032 692; x_wconf 83' lang='lat' dir='ltr'><strong>cuorum</strong></span> <span class='ocrx_word' id='word_1_18' title='bbox 1059 619 1196 694; x_wconf 79' lang='lat' dir='ltr'><strong>cudi-¹</strong></span> 
     </span>
     <span class='ocr_line' id='line_1_4' title="bbox 63 716 1166 918; baseline -0.001 -24"><span class='ocrx_word' id='word_1_19' title='bbox 63 716 416 894; x_wconf 61' lang='lat' dir='ltr'><strong>isstttssttlsstd</strong></span> <span class='ocrx_word' id='word_1_20' title='bbox 447 716 1166 918; x_wconf 52' lang='lat' dir='ltr'><strong>illidii?“imiill&#39;uffiill&#39;</strong></span> 
     </span>
     <span class='ocr_line' id='line_1_5' title="bbox 417 859 1164 908; baseline 0.001 -18"><span class='ocrx_word' id='word_1_21' title='bbox 417 871 426 890; x_wconf 73' lang='grc' dir='ltr'><strong><em>ο</em></strong></span> <span class='ocrx_word' id='word_1_22' title='bbox 745 870 757 908; x_wconf 62' lang='lat' dir='ltr'>j</span> <span class='ocrx_word' id='word_1_23' title='bbox 1148 859 1164 882; x_wconf 56' lang='grc' dir='ltr'>ι</span> 
     </span>
     <span class='ocr_line' id='line_1_6' title="bbox 64 919 1164 1018; baseline 0.003 -26"><span class='ocrx_word' id='word_1_24' title='bbox 64 945 144 992; x_wconf 85' lang='lat' dir='ltr'><strong>reru</strong></span> <span class='ocrx_word' id='word_1_25' title='bbox 175 919 299 992; x_wconf 79' lang='lat' dir='ltr'><strong>libros</strong></span> <span class='ocrx_word' id='word_1_26' title='bbox 333 935 562 1015; x_wconf 64' lang='lat' dir='ltr'><strong>coquentes,</strong></span> <span class='ocrx_word' id='word_1_27' title='bbox 594 919 716 992; x_wconf 78' lang='lat' dir='ltr'><strong>varica</strong></span> <span class='ocrx_word' id='word_1_28' title='bbox 746 943 915 1018; x_wconf 84' lang='lat' dir='ltr'><strong>pannea,</strong></span> <span class='ocrx_word' id='word_1_29' title='bbox 951 937 988 993; x_wconf 88' lang='lat' dir='ltr'><strong>et</strong></span> <span class='ocrx_word' id='word_1_30' title='bbox 1020 919 1164 1018; x_wconf 71' lang='lat' dir='ltr'><strong>integra</strong></span> 
     </span>
     <span class='ocr_line' id='line_1_7' title="bbox 63 1016 1165 1119; baseline 0.004 -29"><span class='ocrx_word' id='word_1_31' title='bbox 63 1043 349 1117; x_wconf 75' lang='lat' dir='ltr'><strong>nonnumquam</strong></span> <span class='ocrx_word' id='word_1_32' title='bbox 366 1043 411 1092; x_wconf 89' lang='lat' dir='ltr'><strong>ca</strong></span> <span class='ocrx_word' id='word_1_33' title='bbox 441 1018 513 1106; x_wconf 87' lang='lat' dir='ltr'><strong>ita,</strong></span> <span class='ocrx_word' id='word_1_34' title='bbox 539 1016 674 1116; x_wconf 83' lang='lat' dir='ltr'><strong>quibua</strong></span> <span class='ocrx_word' id='word_1_35' title='bbox 693 1041 770 1099; x_wconf 86' lang='lat' dir='ltr'><strong>nun</strong></span> <span class='ocrx_word' id='word_1_36' title='bbox 792 1035 866 1092; x_wconf 89' lang='lat' dir='ltr'><strong>tam</strong></span> <span class='ocrx_word' id='word_1_37' title='bbox 882 1017 1028 1108; x_wconf 83' lang='lat' dir='ltr'><strong>Liriue,</strong></span> <span class='ocrx_word' id='word_1_38' title='bbox 1054 1043 1165 1119; x_wconf 87' lang='lat' dir='ltr'><strong>quam</strong></span> 
     </span>
     <span class='ocr_line' id='line_1_8' title="bbox 64 1044 1165 1216; baseline 0.001 -24"><span class='ocrx_word' id='word_1_39' title='bbox 64 1119 313 1216; x_wconf 82' lang='lat' dir='ltr'><strong>untiquitutca</strong></span> <span class='ocrx_word' id='word_1_40' title='bbox 343 1135 380 1190; x_wconf 88' lang='lat' dir='ltr'><strong>ct</strong></span> <span class='ocrx_word' id='word_1_41' title='bbox 404 1044 590 1190; x_wconf 64' lang='lat' dir='ltr'><strong>drmutae</strong></span> <span class='ocrx_word' id='word_1_42' title='bbox 612 1123 801 1190; x_wconf 83' lang='lat' dir='ltr'><strong>Romanae</strong></span> <span class='ocrx_word' id='word_1_43' title='bbox 829 1117 1082 1208; x_wconf 82' lang='lat' dir='ltr'><strong>inlustrantur,</strong></span> <span class='ocrx_word' id='word_1_44' title='bbox 1120 1145 1165 1193; x_wconf 85' lang='lat' dir='ltr'><strong>cx</strong></span> 
     </span>
     <span class='ocr_line' id='line_1_9' title="bbox 63 1217 1164 1317; baseline 0.004 -27"><span class='ocrx_word' id='word_1_45' title='bbox 63 1219 174 1317; x_wconf 84' lang='lat' dir='ltr'><strong>Lipfii</strong></span> <span class='ocrx_word' id='word_1_46' title='bbox 199 1234 236 1291; x_wconf 83' lang='lat' dir='ltr'><strong>ct</strong></span> <span class='ocrx_word' id='word_1_47' title='bbox 257 1217 431 1292; x_wconf 85' lang='lat' dir='ltr'><strong>Brillonii</strong></span> <span class='ocrx_word' id='word_1_48' title='bbox 456 1217 607 1316; x_wconf 73' lang='lat' dir='ltr'><strong>scriptia</strong></span> <span class='ocrx_word' id='word_1_49' title='bbox 627 1217 801 1290; x_wconf 75' lang='lat' dir='ltr'><strong>intexuitr</strong></span> <span class='ocrx_word' id='word_1_50' title='bbox 838 1218 887 1293; x_wconf 88' lang='lat' dir='ltr'><strong>ud</strong></span> <span class='ocrx_word' id='word_1_51' title='bbox 904 1219 1048 1294; x_wconf 84' lang='lat' dir='ltr'><strong>Bellum</strong></span> <span class='ocrx_word' id='word_1_52' title='bbox 1075 1245 1164 1294; x_wconf 82' lang='lat' dir='ltr'><strong>vcro</strong></span> 
     </span>
     <span class='ocr_line' id='line_1_10' title="bbox 64 1316 1164 1416; baseline 0.003 -25"><span class='ocrx_word' id='word_1_53' title='bbox 64 1320 250 1391; x_wconf 85' lang='lat' dir='ltr'><strong>Punicum</strong></span> <span class='ocrx_word' id='word_1_54' title='bbox 281 1317 491 1391; x_wconf 85' lang='lat' dir='ltr'><strong>accundum</strong></span> <span class='ocrx_word' id='word_1_55' title='bbox 524 1316 696 1414; x_wconf 77' lang='lat' dir='ltr'><strong>longiora</strong></span> <span class='ocrx_word' id='word_1_56' title='bbox 726 1341 1016 1416; x_wconf 68' lang='lat' dir='ltr'><strong>octogonorum,</strong></span> <span class='ocrx_word' id='word_1_57' title='bbox 1053 1319 1164 1394; x_wconf 87' lang='lat' dir='ltr'><strong>immo</strong></span> 
     </span>
     <span class='ocr_line' id='line_1_11' title="bbox 67 1417 1164 1494; baseline 0.005 -6"><span class='ocrx_word' id='word_1_58' title='bbox 67 1417 253 1492; x_wconf 83' lang='lat' dir='ltr'><strong>interdum</strong></span> <span class='ocrx_word' id='word_1_59' title='bbox 286 1435 535 1490; x_wconf 77' lang='lat' dir='ltr'><strong>centenorum</strong></span> <span class='ocrx_word' id='word_1_60' title='bbox 566 1441 734 1490; x_wconf 84' lang='lat' dir='ltr'><strong>veranum</strong></span> <span class='ocrx_word' id='word_1_61' title='bbox 765 1417 970 1492; x_wconf 84' lang='lat' dir='ltr'><strong>testimonia</strong></span> <span class='ocrx_word' id='word_1_62' title='bbox 998 1419 1164 1494; x_wconf 78' lang='lat' dir='ltr'><strong>exsilio</strong></span> 
     </span>
     <span class='ocr_line' id='line_1_12' title="bbox 69 1516 1166 1638; baseline 0.001 -48"><span class='ocrx_word' id='word_1_63' title='bbox 69 1517 200 1591; x_wconf 83' lang='lat' dir='ltr'><strong>Italico</strong></span> <span class='ocrx_word' id='word_1_64' title='bbox 223 1517 412 1590; x_wconf 75' lang='lat' dir='ltr'><strong>laudarier</strong></span> <span class='ocrx_word' id='word_1_65' title='bbox 450 1542 547 1615; x_wconf 81' lang='lat' dir='ltr'><strong>quoe</strong></span> <span class='ocrx_word' id='word_1_66' title='bbox 567 1516 690 1593; x_wconf 75' lang='lat' dir='ltr'><strong>omrula</strong></span> <span class='ocrx_word' id='word_1_67' title='bbox 700 1569 713 1606; x_wconf 90' lang='lat'><em>,</em></span> <span class='ocrx_word' id='word_1_68' title='bbox 747 1543 858 1617; x_wconf 88' lang='lat' dir='ltr'><strong>quum</strong></span> <span class='ocrx_word' id='word_1_69' title='bbox 877 1516 984 1608; x_wconf 86' lang='lat' dir='ltr'><strong>libri,</strong></span> <span class='ocrx_word' id='word_1_70' title='bbox 1017 1545 1061 1592; x_wconf 89' lang='lat' dir='ltr'><strong>er</strong></span> <span class='ocrx_word' id='word_1_71' title='bbox 1081 1521 1166 1638; x_wconf 70' lang='lat' dir='ltr'><strong>qui·</strong></span> 
     </span>
     <span class='ocr_line' id='line_1_13' title="bbox 72 1617 1165 1718; baseline 0.002 -28"><span class='ocrx_word' id='word_1_72' title='bbox 72 1617 142 1690; x_wconf 80' lang='lat' dir='ltr'><strong>buu</strong></span> <span class='ocrx_word' id='word_1_73' title='bbox 159 1617 303 1715; x_wconf 73' lang='lat' dir='ltr'><strong>cingula</strong></span> <span class='ocrx_word' id='word_1_74' title='bbox 324 1617 515 1714; x_wconf 76' lang='lat' dir='ltr'><strong>descripta</strong></span> <span class='ocrx_word' id='word_1_75' title='bbox 536 1634 621 1689; x_wconf 84' lang='lat' dir='ltr'><strong>aunt</strong></span> <span class='ocrx_word' id='word_1_76' title='bbox 632 1668 643 1703; x_wconf 94' lang='lat'><strong><em>,</em></strong></span> <span class='ocrx_word' id='word_1_77' title='bbox 682 1617 816 1716; x_wconf 86' lang='lat' dir='ltr'><strong>cuique</strong></span> <span class='ocrx_word' id='word_1_78' title='bbox 840 1617 880 1689; x_wconf 86' lang='lat' dir='ltr'><strong>in</strong></span> <span class='ocrx_word' id='word_1_79' title='bbox 900 1637 1049 1718; x_wconf 87' lang='lat' dir='ltr'><strong>promtu</strong></span> <span class='ocrx_word' id='word_1_80' title='bbox 1070 1637 1165 1708; x_wconf 77' lang='lat' dir='ltr'><strong>arnt,</strong></span> 
     </span>
     <span class='ocr_line' id='line_1_14' title="bbox 72 1716 1167 1816; baseline 0.004 -28"><span class='ocrx_word' id='word_1_81' title='bbox 72 1717 157 1790; x_wconf 85' lang='lat' dir='ltr'><strong>inde</strong></span> <span class='ocrx_word' id='word_1_82' title='bbox 177 1717 428 1816; x_wconf 80' lang='lat' dir='ltr'><strong>expungendo</strong></span> <span class='ocrx_word' id='word_1_83' title='bbox 448 1716 545 1790; x_wconf 78' lang='lat' dir='ltr'><strong>duxi.</strong></span> <span class='ocrx_word' id='word_1_84' title='bbox 595 1721 653 1790; x_wconf 82' lang='lat' dir='ltr'><strong>Nc</strong></span> <span class='ocrx_word' id='word_1_85' title='bbox 673 1735 795 1790; x_wconf 85' lang='lat' dir='ltr'><strong>tamon</strong></span> <span class='ocrx_word' id='word_1_86' title='bbox 818 1717 978 1790; x_wconf 82' lang='lat' dir='ltr'><strong>lectores</strong></span> <span class='ocrx_word' id='word_1_87' title='bbox 1001 1719 1048 1792; x_wconf 91' lang='lat' dir='ltr'><strong>dc</strong></span> <span class='ocrx_word' id='word_1_88' title='bbox 1066 1721 1167 1792; x_wconf 85' lang='lat' dir='ltr'><strong>durn-</strong></span> 
     </span>
     <span class='ocr_line' id='line_1_15' title="bbox 70 1816 1167 1934; baseline 0.002 -45"><span class='ocrx_word' id='word_1_89' title='bbox 70 1843 143 1902; x_wconf 90' lang='lat' dir='ltr'><strong>no,</strong></span> <span class='ocrx_word' id='word_1_90' title='bbox 178 1819 252 1890; x_wconf 84' lang='lat' dir='ltr'><strong>huc</strong></span> <span class='ocrx_word' id='word_1_91' title='bbox 274 1817 410 1915; x_wconf 76' lang='lat' dir='ltr'><strong>agendi</strong></span> <span class='ocrx_word' id='word_1_92' title='bbox 431 1816 580 1890; x_wconf 86' lang='lat' dir='ltr'><strong>ratione</strong></span> <span class='ocrx_word' id='word_1_93' title='bbox 603 1817 736 1907; x_wconf 89' lang='lat' dir='ltr'><strong>inlato,</strong></span> <span class='ocrx_word' id='word_1_94' title='bbox 773 1819 854 1918; x_wconf 84' lang='lat' dir='ltr'><strong>juro</strong></span> <span class='ocrx_word' id='word_1_95' title='bbox 875 1819 979 1934; x_wconf 73' lang='lat' dir='ltr'><strong>queri</strong></span> <span class='ocrx_word' id='word_1_96' title='bbox 1001 1819 1167 1921; x_wconf 84' lang='lat' dir='ltr'><strong>poll&#39;cnt,</strong></span> 
     </span>
     <span class='ocr_line' id='line_1_16' title="bbox 73 1916 1166 2017; baseline 0.005 -29"><span class='ocrx_word' id='word_1_97' title='bbox 73 1917 134 1988; x_wconf 86' lang='lat' dir='ltr'><strong>ubi</strong></span> <span class='ocrx_word' id='word_1_98' title='bbox 161 1916 330 2014; x_wconf 81' lang='lat' dir='ltr'><strong>cingula,</strong></span> <span class='ocrx_word' id='word_1_99' title='bbox 366 1943 411 1990; x_wconf 82' lang='lat' dir='ltr'><strong>cr</strong></span> <span class='ocrx_word' id='word_1_100' title='bbox 438 1919 549 1990; x_wconf 79' lang='lat' dir='ltr'><strong>Notis</strong></span> <span class='ocrx_word' id='word_1_101' title='bbox 578 1919 657 2014; x_wconf 84' lang='lat' dir='ltr'><strong>ejuu</strong></span> <span class='ocrx_word' id='word_1_102' title='bbox 686 1919 824 2015; x_wconf 74' lang='lat' dir='ltr'><strong>ejecta,</strong></span> <span class='ocrx_word' id='word_1_103' title='bbox 862 1917 976 1990; x_wconf 78' lang='lat' dir='ltr'><strong>rideri</strong></span> <span class='ocrx_word' id='word_1_104' title='bbox 1011 1937 1166 2017; x_wconf 84' lang='lat' dir='ltr'><strong>queant,</strong></span> 
     </span>
     <span class='ocr_line' id='line_1_17' title="bbox 72 2015 1168 2114; baseline 0.002 -24"><span class='ocrx_word' id='word_1_105' title='bbox 72 2017 272 2114; x_wconf 82' lang='lat' dir='ltr'><strong>diligenter</strong></span> <span class='ocrx_word' id='word_1_106' title='bbox 286 2017 426 2090; x_wconf 89' lang='lat' dir='ltr'><strong>monui.</strong></span> <span class='ocrx_word' id='word_1_107' title='bbox 477 2021 694 2103; x_wconf 85' lang='lat' dir='ltr'><strong>Praeterea,</strong></span> <span class='ocrx_word' id='word_1_108' title='bbox 721 2041 768 2088; x_wconf 84' lang='lat' dir='ltr'><strong>nc</strong></span> <span class='ocrx_word' id='word_1_109' title='bbox 790 2015 873 2114; x_wconf 84' lang='lat' dir='ltr'><strong>quia</strong></span> <span class='ocrx_word' id='word_1_110' title='bbox 893 2015 1089 2108; x_wconf 85' lang='lat' dir='ltr'><strong>existimet,</strong></span> <span class='ocrx_word' id='word_1_111' title='bbox 1118 2018 1168 2092; x_wconf 89' lang='lat' dir='ltr'><strong>ita</strong></span> 
     </span>
     <span class='ocr_line' id='line_1_18' title="bbox 74 2115 1168 2214; baseline 0.001 -25"><span class='ocrx_word' id='word_1_112' title='bbox 74 2135 174 2190; x_wconf 84' lang='lat' dir='ltr'><strong>certe</strong></span> <span class='ocrx_word' id='word_1_113' title='bbox 192 2115 267 2188; x_wconf 86' lang='lat' dir='ltr'><strong>sibi</strong></span> <span class='ocrx_word' id='word_1_114' title='bbox 286 2117 433 2214; x_wconf 89' lang='lat' dir='ltr'><strong>periillc</strong></span> <span class='ocrx_word' id='word_1_115' title='bbox 450 2115 729 2190; x_wconf 75' lang='lat' dir='ltr'><strong>emendationes</strong></span> <span class='ocrx_word' id='word_1_116' title='bbox 746 2139 913 2190; x_wconf 84' lang='lat' dir='ltr'><strong>rcrauum</strong></span> <span class='ocrx_word' id='word_1_117' title='bbox 927 2117 1168 2208; x_wconf 87' lang='lat' dir='ltr'><strong>Silianorum,</strong></span> 
     </span>
     <span class='ocr_line' id='line_1_19' title="bbox 75 2213 1169 2316; baseline 0.003 -28"><span class='ocrx_word' id='word_1_118' title='bbox 75 2242 166 2314; x_wconf 81' lang='lat' dir='ltr'><strong>quaa</strong></span> <span class='ocrx_word' id='word_1_119' title='bbox 186 2215 339 2316; x_wconf 75' lang='lat' dir='ltr'><strong>saepius</strong></span> <span class='ocrx_word' id='word_1_120' title='bbox 357 2215 523 2314; x_wconf 85' lang='lat' dir='ltr'><strong>jactarit,</strong></span> <span class='ocrx_word' id='word_1_121' title='bbox 551 2215 740 2290; x_wconf 88' lang='lat' dir='ltr'><strong>eciandum</strong></span> <span class='ocrx_word' id='word_1_122' title='bbox 758 2213 819 2303; x_wconf 85' lang='lat' dir='ltr'><strong>all,</strong></span> <span class='ocrx_word' id='word_1_123' title='bbox 848 2243 924 2289; x_wconf 88' lang='lat' dir='ltr'><strong>non</strong></span> <span class='ocrx_word' id='word_1_124' title='bbox 946 2235 1088 2290; x_wconf 83' lang='lat' dir='ltr'><strong>tautum</strong></span> <span class='ocrx_word' id='word_1_125' title='bbox 1108 2243 1169 2292; x_wconf 91' lang='lat' dir='ltr'><strong>ra·</strong></span> 
     </span>
     <span class='ocr_line' id='line_1_20' title="bbox 74 2314 1169 2416; baseline 0 -28"><span class='ocrx_word' id='word_1_126' title='bbox 74 2315 207 2388; x_wconf 84' lang='lat' dir='ltr'><strong>rillime</strong></span> <span class='ocrx_word' id='word_1_127' title='bbox 226 2314 419 2414; x_wconf 80' lang='lat' dir='ltr'><strong>promill&#39;aa</strong></span> <span class='ocrx_word' id='word_1_128' title='bbox 442 2315 524 2388; x_wconf 86' lang='lat' dir='ltr'><strong>illua</strong></span> <span class='ocrx_word' id='word_1_129' title='bbox 543 2315 819 2388; x_wconf 75' lang='lat' dir='ltr'><strong>emendationes</strong></span> <span class='ocrx_word' id='word_1_130' title='bbox 842 2315 882 2388; x_wconf 89' lang='lat' dir='ltr'><strong>in</strong></span> <span class='ocrx_word' id='word_1_131' title='bbox 901 2317 1009 2391; x_wconf 83' lang='lat' dir='ltr'><strong>N’utia</strong></span> <span class='ocrx_word' id='word_1_132' title='bbox 1028 2318 1169 2416; x_wconf 84' lang='lat' dir='ltr'><strong>ruperi-</strong></span> 
     </span>
     <span class='ocr_line' id='line_1_21' title="bbox 76 2415 1170 2516; baseline 0.003 -30"><span class='ocrx_word' id='word_1_133' title='bbox 76 2417 105 2486; x_wconf 90' lang='lat' dir='ltr'><strong>ri</strong></span> <span class='ocrx_word' id='word_1_134' title='bbox 105 2445 126 2508; x_wconf 66' lang='lat'><em>5</em></span> <span class='ocrx_word' id='word_1_135' title='bbox 153 2441 280 2489; x_wconf 83' lang='lat' dir='ltr'><strong>rerum</strong></span> <span class='ocrx_word' id='word_1_136' title='bbox 302 2415 456 2516; x_wconf 79' lang='lat' dir='ltr'><strong>insuper</strong></span> <span class='ocrx_word' id='word_1_137' title='bbox 478 2416 627 2488; x_wconf 79' lang='lat' dir='ltr'><strong>mendac</strong></span> <span class='ocrx_word' id='word_1_138' title='bbox 650 2434 687 2489; x_wconf 88' lang='lat' dir='ltr'><strong>ct</strong></span> <span class='ocrx_word' id='word_1_139' title='bbox 705 2415 943 2493; x_wconf 79' lang='lat' dir='ltr'><strong>librariorum</strong></span> <span class='ocrx_word' id='word_1_140' title='bbox 963 2416 1170 2489; x_wconf 89' lang='lat' dir='ltr'><strong>aberratio·</strong></span> 
     </span>
     <span class='ocr_line' id='line_1_22' title="bbox 76 2513 1171 2690; baseline 0.001 -4"><span class='ocrx_word' id='word_1_141' title='bbox 76 2515 694 2690; x_wconf 54' lang='lat' dir='ltr'><strong>&#39;13⁹2&#39;tliiriiiliiidlidl</strong></span> <span class='ocrx_word' id='word_1_142' title='bbox 715 2513 1171 2689; x_wconf 51' lang='lat' dir='ltr'><strong>zlttfffflltlltl·</strong></span> 
     </span>
     <span class='ocr_line' id='line_1_23' title="bbox 107 2645 1169 2688; baseline 0.001 -1"><span class='ocrx_word' id='word_1_143' title='bbox 107 2645 128 2687; x_wconf 84' lang='lat' dir='ltr'><strong>ll</strong></span> <span class='ocrx_word' id='word_1_144' title='bbox 1160 2669 1169 2688; x_wconf 72' lang='grc' dir='ltr'>ι</span> 
     </span>
     <span class='ocr_line' id='line_1_24' title="bbox 80 2641 1170 2816; baseline -0.004 -28"><span class='ocrx_word' id='word_1_145' title='bbox 80 2717 120 2788; x_wconf 86' lang='lat' dir='ltr'><strong>Si</strong></span> <span class='ocrx_word' id='word_1_146' title='bbox 144 2689 240 2816; x_wconf 76' lang='lat' dir='ltr'><strong>quac</strong></span> <span class='ocrx_word' id='word_1_147' title='bbox 263 2734 389 2788; x_wconf 85' lang='lat' dir='ltr'><strong>tamen</strong></span> <span class='ocrx_word' id='word_1_148' title='bbox 417 2667 584 2788; x_wconf 74' lang='lat' dir='ltr'><strong>dicordue</strong></span> <span class='ocrx_word' id='word_1_149' title='bbox 606 2713 652 2786; x_wconf 85' lang='lat' dir='ltr'><strong>ab</strong></span> <span class='ocrx_word' id='word_1_150' title='bbox 672 2714 768 2804; x_wconf 82' lang='lat' dir='ltr'><strong>illia,</strong></span> <span class='ocrx_word' id='word_1_151' title='bbox 796 2641 969 2810; x_wconf 57' lang='lat' dir='ltr'><strong>‚quacqer</strong></span> <span class='ocrx_word' id='word_1_152' title='bbox 992 2642 1170 2788; x_wconf 69' lang='lat' dir='ltr'><strong>Nordnti·</strong></span> 
     </span>
     <span class='ocr_line' id='line_1_25' title="bbox 80 2813 1171 2914; baseline -0.002 -24"><span class='ocrx_word' id='word_1_153' title='bbox 80 2816 159 2913; x_wconf 88' lang='lat' dir='ltr'><strong>quia</strong></span> <span class='ocrx_word' id='word_1_154' title='bbox 182 2815 265 2911; x_wconf 76' lang='lat' dir='ltr'><strong>ejus</strong></span> <span class='ocrx_word' id='word_1_155' title='bbox 290 2833 486 2914; x_wconf 80' lang='lat' dir='ltr'><strong>excerptas</strong></span> <span class='ocrx_word' id='word_1_156' title='bbox 512 2813 667 2888; x_wconf 86' lang='lat' dir='ltr'><strong>editioni</strong></span> <span class='ocrx_word' id='word_1_157' title='bbox 689 2837 790 2886; x_wconf 84' lang='lat' dir='ltr'><strong>meae</strong></span> <span class='ocrx_word' id='word_1_158' title='bbox 810 2813 973 2888; x_wconf 85' lang='lat' dir='ltr'><strong>Siliadaa</strong></span> <span class='ocrx_word' id='word_1_159' title='bbox 997 2816 1171 2888; x_wconf 82' lang='lat' dir='ltr'><strong>antehoc</strong></span> 
     </span>
     <span class='ocr_line' id='line_1_26' title="bbox 77 2912 1254 3014; baseline 0.001 -28"><span class='ocrx_word' id='word_1_160' title='bbox 77 2915 227 3013; x_wconf 77' lang='lat' dir='ltr'><strong>triginta</strong></span> <span class='ocrx_word' id='word_1_161' title='bbox 250 2939 374 2986; x_wconf 83' lang='lat' dir='ltr'><strong>conca</strong></span> <span class='ocrx_word' id='word_1_162' title='bbox 399 2915 555 3004; x_wconf 79' lang='lat' dir='ltr'><strong>inserui,</strong></span> <span class='ocrx_word' id='word_1_163' title='bbox 583 2912 830 3001; x_wconf 77' lang='lat' dir='ltr'><strong>occurrerint,</strong></span> <span class='ocrx_word' id='word_1_164' title='bbox 858 2937 953 3010; x_wconf 91' lang='lat' dir='ltr'><strong>quae</strong></span> <span class='ocrx_word' id='word_1_165' title='bbox 976 2937 1067 2988; x_wconf 85' lang='lat' dir='ltr'><strong>uano</strong></span> <span class='ocrx_word' id='word_1_166' title='bbox 1086 2941 1172 3014; x_wconf 87' lang='lat' dir='ltr'><strong>per·</strong></span> <span class='ocrx_word' id='word_1_167' title='bbox 1250 2950 1254 2974; x_wconf 84' lang='lat'>·</span> 
     </span>
     <span class='ocr_line' id='line_1_27' title="bbox 79 3011 1179 3114; baseline 0.004 -28"><span class='ocrx_word' id='word_1_168' title='bbox 79 3041 189 3112; x_wconf 83' lang='lat' dir='ltr'><strong>quam</strong></span> <span class='ocrx_word' id='word_1_169' title='bbox 207 3039 355 3112; x_wconf 85' lang='lat' dir='ltr'><strong>paucae</strong></span> <span class='ocrx_word' id='word_1_170' title='bbox 370 3013 540 3103; x_wconf 84' lang='lat' dir='ltr'><strong>luerunt,</strong></span> <span class='ocrx_word' id='word_1_171' title='bbox 572 3039 697 3086; x_wconf 88' lang='lat' dir='ltr'><strong>earum</strong></span> <span class='ocrx_word' id='word_1_172' title='bbox 717 3037 863 3111; x_wconf 81' lang='lat' dir='ltr'><strong>comper</strong></span> <span class='ocrx_word' id='word_1_173' title='bbox 883 3011 1001 3114; x_wconf 84' lang='lat' dir='ltr'><strong>ipaiua</strong></span> <span class='ocrx_word' id='word_1_174' title='bbox 1020 3014 1179 3090; x_wconf 83' lang='lat' dir='ltr'><strong>nomine·</strong></span> 
     </span>
     <span class='ocr_line' id='line_1_28' title="bbox 79 3109 905 3190; baseline -0.002 -4"><span class='ocrx_word' id='word_1_175' title='bbox 79 3115 120 3186; x_wconf 90' lang='lat' dir='ltr'><strong>iu</strong></span> <span class='ocrx_word' id='word_1_176' title='bbox 136 3116 248 3190; x_wconf 79' lang='lat' dir='ltr'><strong>Notis</strong></span> <span class='ocrx_word' id='word_1_177' title='bbox 277 3113 372 3188; x_wconf 80' lang='lat' dir='ltr'><strong>rucio</strong></span> <span class='ocrx_word' id='word_1_178' title='bbox 393 3113 551 3188; x_wconf 84' lang='lat' dir='ltr'><strong>fideliter</strong></span> <span class='ocrx_word' id='word_1_179' title='bbox 571 3113 796 3188; x_wconf 81' lang='lat' dir='ltr'><strong>mentionem</strong></span> <span class='ocrx_word' id='word_1_180' title='bbox 819 3109 905 3186; x_wconf 84' lang='lat' dir='ltr'><strong>seui.</strong></span> 
     </span>
    </p>
   </div>
   <div class='ocr_carea' id='block_1_3' title="bbox 152 3309 1173 3413">
    <p class='ocr_par' dir='ltr' id='par_1_3' title="bbox 152 3309 1173 3413">
     <span class='ocr_line' id='line_1_29' title="bbox 152 3309 1173 3413; baseline -0.006 -23"><span class='ocrx_word' id='word_1_181' title='bbox 152 3319 369 3413; x_wconf 84' lang='lat' dir='ltr'><strong>Antequam</strong></span> <span class='ocrx_word' id='word_1_182' title='bbox 394 3313 516 3389; x_wconf 88' lang='lat' dir='ltr'><strong>adhuc</strong></span> <span class='ocrx_word' id='word_1_183' title='bbox 538 3313 636 3388; x_wconf 88' lang='lat' dir='ltr'><strong>idcro</strong></span> <span class='ocrx_word' id='word_1_184' title='bbox 660 3312 822 3386; x_wconf 77' lang='lat' dir='ltr'><strong>seculum</strong></span> <span class='ocrx_word' id='word_1_185' title='bbox 846 3309 1173 3386; x_wconf 83' lang='lat' dir='ltr'><strong>aextumdccimurn</strong></span> 
     </span>
    </p>
   </div>
   <div class='ocr_carea' id='block_1_4' title="bbox 78 3411 1287 3508">
    <p class='ocr_par' dir='ltr' id='par_1_4' title="bbox 78 3411 1287 3508">
     <span class='ocr_line' id='line_1_30' title="bbox 78 3411 1287 3508; baseline -0.005 -20"><span class='ocrx_word' id='word_1_186' title='bbox 78 3414 316 3505; x_wconf 80' lang='lat' dir='ltr'><strong>decurreret,</strong></span> <span class='ocrx_word' id='word_1_187' title='bbox 343 3417 555 3492; x_wconf 79' lang='lat' dir='ltr'><strong>rUnvqu</strong></span> <span class='ocrx_word' id='word_1_188' title='bbox 571 3413 786 3490; x_wconf 83' lang='lat' dir='ltr'><strong>URStNUS</strong></span> <span class='ocrx_word' id='word_1_189' title='bbox 805 3429 966 3486; x_wconf 78' lang='lat' dir='ltr'><strong>veterum</strong></span> <span class='ocrx_word' id='word_1_190' title='bbox 985 3411 1175 3485; x_wconf 81' lang='lat' dir='ltr'><strong>hillerico-</strong></span> <span class='ocrx_word' id='word_1_191' title='bbox 1279 3481 1287 3508; x_wconf 44' lang='grc' dir='ltr'><strong><em>Ι</em></strong></span> 
     </span>
    </p>
   </div>
   <div class='ocr_carea' id='block_1_5' title="bbox 75 3501 1240 4110">
    <p class='ocr_par' dir='ltr' id='par_1_5' title="bbox 75 3501 1240 4110">
     <span class='ocr_line' id='line_1_31' title="bbox 78 3501 1175 3614; baseline -0.002 -28"><span class='ocrx_word' id='word_1_192' title='bbox 78 3541 159 3586; x_wconf 89' lang='lat' dir='ltr'><strong>rum</strong></span> <span class='ocrx_word' id='word_1_193' title='bbox 180 3521 425 3614; x_wconf 65' lang='lat' dir='ltr'><strong>fragmenta,</strong></span> <span class='ocrx_word' id='word_1_194' title='bbox 458 3501 686 3588; x_wconf 61' lang='lat' dir='ltr'><strong>ub&#39;Antuuio</strong></span> <span class='ocrx_word' id='word_1_195' title='bbox 704 3509 906 3610; x_wconf 81' lang='lat' dir='ltr'><strong>Augustino</strong></span> <span class='ocrx_word' id='word_1_196' title='bbox 925 3510 1102 3600; x_wconf 75' lang='lat' dir='ltr'><strong>collecto,</strong></span> <span class='ocrx_word' id='word_1_197' title='bbox 1136 3535 1175 3584; x_wconf 88' lang='lat' dir='ltr'><strong>c·</strong></span> 
     </span>
     <span class='ocr_line' id='line_1_32' title="bbox 77 3609 1240 3714; baseline -0.003 -28"><span class='ocrx_word' id='word_1_198' title='bbox 77 3615 288 3689; x_wconf 75' lang='lat' dir='ltr'><strong>mendacius</strong></span> <span class='ocrx_word' id='word_1_199' title='bbox 312 3615 432 3688; x_wconf 85' lang='lat' dir='ltr'><strong>edidit</strong></span> <span class='ocrx_word' id='word_1_200' title='bbox 452 3613 677 3714; x_wconf 81' lang='lat' dir='ltr'><strong>Antrcrpiuc</strong></span> <span class='ocrx_word' id='word_1_201' title='bbox 706 3636 749 3683; x_wconf 86' lang='lat' dir='ltr'><strong>er</strong></span> <span class='ocrx_word' id='word_1_202' title='bbox 776 3609 924 3685; x_wconf 82' lang='lat' dir='ltr'><strong>officina</strong></span> <span class='ocrx_word' id='word_1_203' title='bbox 941 3611 1175 3685; x_wconf 84' lang='lat' dir='ltr'><strong>Plautinianu</strong></span> <span class='ocrx_word' id='word_1_204' title='bbox 1235 3653 1240 3668; x_wconf 89' lang='lat'><strong>·</strong></span> 
     </span>
     <span class='ocr_line' id='line_1_33' title="bbox 75 3709 1175 3812; baseline -0.005 -25"><span class='ocrx_word' id='word_1_205' title='bbox 75 3739 177 3788; x_wconf 87' lang='lat' dir='ltr'><strong>anno</strong></span> <span class='ocrx_word' id='word_1_206' title='bbox 203 3717 423 3790; x_wconf 80' lang='lat' dir='ltr'><strong>clulnrcr.&#39;</strong></span> <span class='ocrx_word' id='word_1_207' title='bbox 446 3713 570 3812; x_wconf 81' lang='lat' dir='ltr'><strong>iisque</strong></span> <span class='ocrx_word' id='word_1_208' title='bbox 594 3711 710 3812; x_wconf 85' lang='lat' dir='ltr'><strong>junxit</strong></span> <span class='ocrx_word' id='word_1_209' title='bbox 729 3728 839 3784; x_wconf 87' lang='lat' dir='ltr'><strong>notua</strong></span> <span class='ocrx_word' id='word_1_210' title='bbox 863 3735 968 3798; x_wconf 82' lang='lat' dir='ltr'><strong>auae,</strong></span> <span class='ocrx_word' id='word_1_211' title='bbox 1006 3735 1115 3810; x_wconf 86' lang='lat' dir='ltr'><strong>quum</strong></span> <span class='ocrx_word' id='word_1_212' title='bbox 1137 3709 1175 3782; x_wconf 91' lang='lat' dir='ltr'><strong>in</strong></span> 
     </span>
     <span class='ocr_line' id='line_1_34' title="bbox 75 3810 1175 3906; baseline -0.004 -20"><span class='ocrx_word' id='word_1_213' title='bbox 75 3817 198 3890; x_wconf 80' lang='lat' dir='ltr'><strong>varice</strong></span> <span class='ocrx_word' id='word_1_214' title='bbox 225 3815 325 3890; x_wconf 83' lang='lat' dir='ltr'><strong>aliua</strong></span> <span class='ocrx_word' id='word_1_215' title='bbox 349 3812 567 3903; x_wconf 78' lang='lat' dir='ltr'><strong>historicon,</strong></span> <span class='ocrx_word' id='word_1_216' title='bbox 597 3830 674 3885; x_wconf 87' lang='lat' dir='ltr'><strong>turn</strong></span> <span class='ocrx_word' id='word_1_217' title='bbox 696 3811 804 3884; x_wconf 88' lang='lat' dir='ltr'><strong>etlam</strong></span> <span class='ocrx_word' id='word_1_218' title='bbox 825 3810 864 3882; x_wconf 90' lang='lat' dir='ltr'><strong>in</strong></span> <span class='ocrx_word' id='word_1_219' title='bbox 882 3810 1023 3884; x_wconf 77' lang='lat' dir='ltr'><strong>Litium</strong></span> <span class='ocrx_word' id='word_1_220' title='bbox 1035 3837 1047 3902; x_wconf 77' lang='lat'>3</span> <span class='ocrx_word' id='word_1_221' title='bbox 1085 3835 1175 3906; x_wconf 89' lang='lat' dir='ltr'><strong>qua·</strong></span> 
     </span>
     <span class='ocr_line' id='line_1_35' title="bbox 76 3909 1180 3989; baseline -0.006 0"><span class='ocrx_word' id='word_1_222' title='bbox 76 3943 157 3988; x_wconf 90' lang='lat' dir='ltr'><strong>rum</strong></span> <span class='ocrx_word' id='word_1_223' title='bbox 171 3917 355 3989; x_wconf 75' lang='lat' dir='ltr'><strong>Livianus</strong></span> <span class='ocrx_word' id='word_1_224' title='bbox 381 3913 460 3986; x_wconf 78' lang='lat' dir='ltr'><strong>auio</strong></span> <span class='ocrx_word' id='word_1_225' title='bbox 489 3912 584 3986; x_wconf 88' lang='lat' dir='ltr'><strong>lucia</strong></span> <span class='ocrx_word' id='word_1_226' title='bbox 606 3911 755 3987; x_wconf 82' lang='lat' dir='ltr'><strong>inserui.</strong></span> <span class='ocrx_word' id='word_1_227' title='bbox 808 3919 850 3981; x_wconf 86' lang='lat' dir='ltr'><strong>ln</strong></span> <span class='ocrx_word' id='word_1_228' title='bbox 878 3911 923 3982; x_wconf 85' lang='lat' dir='ltr'><strong>iia</strong></span> <span class='ocrx_word' id='word_1_229' title='bbox 951 3909 1180 3984; x_wconf 76' lang='lat' dir='ltr'><strong>adornandia</strong></span> 
     </span>
     <span class='ocr_line' id='line_1_36' title="bbox 77 4008 1180 4110; baseline -0.005 -24"><span class='ocrx_word' id='word_1_230' title='bbox 77 4041 163 4093; x_wconf 82' lang='lat' dir='ltr'><strong>naue</strong></span> <span class='ocrx_word' id='word_1_231' title='bbox 185 4017 237 4091; x_wconf 86' lang='lat' dir='ltr'><strong>est</strong></span> <span class='ocrx_word' id='word_1_232' title='bbox 259 4013 379 4090; x_wconf 78' lang='lat' dir='ltr'><strong>veteri</strong></span> <span class='ocrx_word' id='word_1_233' title='bbox 398 4013 557 4102; x_wconf 62' lang='lat' dir='ltr'><strong>codice,</strong></span> <span class='ocrx_word' id='word_1_234' title='bbox 591 4011 659 4108; x_wconf 87' lang='lat' dir='ltr'><strong>&#39;qui</strong></span> <span class='ocrx_word' id='word_1_235' title='bbox 680 4009 800 4110; x_wconf 78' lang='lat' dir='ltr'><strong>qualia</strong></span> <span class='ocrx_word' id='word_1_236' title='bbox 820 4008 950 4100; x_wconf 84' lang='lat' dir='ltr'><strong>suerit,</strong></span> <span class='ocrx_word' id='word_1_237' title='bbox 984 4033 1059 4082; x_wconf 88' lang='lat' dir='ltr'><strong>non</strong></span> <span class='ocrx_word' id='word_1_238' title='bbox 1079 4027 1180 4082; x_wconf 84' lang='lat' dir='ltr'><strong>retu·</strong></span> 
     </span>
    </p>
   </div>
   <div class='ocr_carea' id='block_1_6' title="bbox 80 4107 1180 4220">
    <p class='ocr_par' dir='ltr' id='par_1_6' title="bbox 80 4107 1180 4220">
     <span class='ocr_line' id='line_1_37' title="bbox 80 4107 1180 4220; baseline -0.011 -28"><span class='ocrx_word' id='word_1_239' title='bbox 80 4115 142 4214; x_wconf 81' lang='lat' dir='ltr'><strong>lit,</strong></span> <span class='ocrx_word' id='word_1_240' title='bbox 175 4119 244 4194; x_wconf 77' lang='lat' dir='ltr'><strong>nit</strong></span> <span class='ocrx_word' id='word_1_241' title='bbox 272 4113 384 4220; x_wconf 82' lang='lat' dir='ltr'><strong>quud</strong></span> <span class='ocrx_word' id='word_1_242' title='bbox 407 4113 461 4191; x_wconf 88' lang='lat' dir='ltr'><strong>ad</strong></span> <span class='ocrx_word' id='word_1_243' title='bbox 479 4111 574 4190; x_wconf 77' lang='lat' dir='ltr'><strong>Livii</strong></span> <span class='ocrx_word' id='word_1_244' title='bbox 593 4111 656 4186; x_wconf 88' lang='lat' dir='ltr'><strong>lib.</strong></span> <span class='ocrx_word' id='word_1_245' title='bbox 675 4139 709 4188; x_wconf 86' lang='lat' dir='ltr'><strong>r.</strong></span> <span class='ocrx_word' id='word_1_246' title='bbox 732 4135 813 4214; x_wconf 81' lang='lat' dir='ltr'><strong>cup.</strong></span> <span class='ocrx_word' id='word_1_247' title='bbox 832 4137 887 4184; x_wconf 84' lang='lat' dir='ltr'><strong>nr.</strong></span> <span class='ocrx_word' id='word_1_248' title='bbox 908 4111 940 4204; x_wconf 65' lang='lat' dir='ltr'><strong>l.</strong></span> <span class='ocrx_word' id='word_1_249' title='bbox 960 4135 994 4186; x_wconf 89' lang='lat' dir='ltr'><strong>a.</strong></span> <span class='ocrx_word' id='word_1_250' title='bbox 1015 4107 1180 4196; x_wconf 77' lang='lat' dir='ltr'><strong>tollatur,</strong></span> 
     </span>
    </p>
   </div>
   <div class='ocr_carea' id='block_1_7' title="bbox 0 0 1344 4684">
    <p class='ocr_par' dir='ltr' id='par_1_7' title="bbox 0 0 1344 4684">
     <span class='ocr_line' id='line_1_38' title="bbox 0 0 1344 4684; baseline 0 0"><span class='ocrx_word' id='word_1_251' title='bbox 0 0 1344 4684; x_wconf 95' lang='lat' dir='ltr'><strong> </strong></span> 
     </span>
    </p>
   </div>
  </div>
 </body>
</html>
