2726 4676
304 315 403 388 au
457 277 909 394 necaonem.
1089 341 1172 392 rm

86 537 238 625 Scholia,
266 537 413 635 quibua
437 563 515 608 non
538 555 679 612 tantum
699 537 997 614 emendationum
1017 539 1059 610 in
1082 563 1173 614 eon·

83 655 202 710 tenum
222 655 472 736 receptarum
490 639 648 712 oaull'am
664 640 847 730 reddidit,
882 641 950 714 aed
974 637 1084 713 etiam
1111 664 1172 711 va·

81 739 130 808 ria
147 737 201 810 rel
219 736 404 810 historiae
431 737 624 836 autiquae,
662 739 718 810 rel
739 740 874 812 rituum
894 731 1171 828 Romanorum,

83 838 133 908 rel
150 835 296 932 linguae
317 837 480 910 Latinae
507 839 650 935 capita,
684 839 789 912 Livio
811 839 1039 914 inlnllrando
1061 857 1174 940 apta,

83 940 251 1035 exposuit.
303 935 454 1016 Primus
475 955 599 1009 antem
616 940 779 1011 omnium
793 947 1052 1040 lnterpretum,
1076 963 1173 1038 quoa

80 1037 194 1108 birine
210 1035 371 1110 sortitus
386 1035 450 1124 ell,
477 1039 630 1135 insuper
649 1039 832 1112 rationem
852 1039 982 1112 habuit
998 1063 1078 1111 non
1095 1066 1173 1112 mo·

80 1137 126 1208 do
147 1137 408 1234 Epitomarum
432 1135 687 1226 Livianarnm,
724 1139 981 1212 verumetiam
1007 1138 1174 1236 quinqua

79 1234 317 1334 posteriorum
347 1235 529 1308 librorum
559 1237 675 1336 ipsius
696 1239 810 1328 Livii,
847 1239 938 1340 qui,
967 1265 1011 1311 ex
1038 1237 1174 1312 biblio·

79 1337 185 1406 theta
201 1336 417 1407 hanrillena
438 1339 653 1434 aGrynaeo
676 1340 790 1426 ernti,
818 1365 841 1413 a
862 1337 1174 1438 praecedentibus

81 1435 279 1522 Rhenano,
308 1433 471 1509 Gelenio
493 1452 530 1507 et
555 1436 743 1512 Glarenno
765 1439 925 1536 neglecti
942 1437 1110 1522 luerent,
1136 1453 1175 1510 et

82 1533 343 1628 praerraliqnis
367 1535 550 1608 medicam
563 1534 717 1610 'manum
736 1535 988 1638 requirebant.
1040 1540 1091 1614 lia
1110 1537 1176 1610 de·

83 1629 192 1726 nique
216 1630 265 1702 ad
289 1633 497 1730 exemplum
521 1635 696 1710 Glareuni
717 1639 1025 1737 chronologiam,
1060 1636 1176 1711 ratio·

81 1729 186 1800 nibus
217 1747 453 1827 temporum,
493 1751 585 1827 quas
604 1725 730 1798 Livius
753 1729 791 1798 in
811 1739 960 1800 historia
980 1732 1175 1827 probarit,

79 1829 312 1924 exponendis
341 1827 687 1913 adcommodatum,
725 1825 922 1924 subjunxit.
975 1827 1082 1900 Licet
1110 1851 1176 1898 au·

78 1943 151 1996 tem
175 1925 357 2022 Sigonius
383 1925 447 1998 lib.
472 1947 502 1996 1.
536 1925 729 1998 Emendat.
756 1951 837 2024 esp.
866 1953 906 1998 ιι.
933 1925 1102 2014 telletur,
1137 1949 1176 1996 ar

77 2030 214 2096 librum
249 2032 415 2096 omnium
444 2031 623 2114 optimum
655 2051 699 2094 nc
727 2031 1030 2117 pulcherrimum,
1066 2049 1177 2117 quem

77 2132 250 2196 Lutetiae
285 2131 517 2196 Voseesnuus
553 2127 726 2214 excudit,
776 2129 1031 2220 corrigendum
1060 2131 1176 2214 justia
1227 2212 1230 2219 Ι

74 2233 207 2296 multis
233 2229 278 2296 ds
300 2232 443 2298 caussis
465 2231 663 2316 sumsisss3
691 2227 877 2300 interdum
896 2244 1044 2312 tamen,
1068 2251 1177 2325 prae·

81 2329 206 2400 sertim
232 2325 270 2398 in
292 2325 431 2398 ultimis
451 2323 575 2413 libris,
599 2350 681 2398 eum
705 2327 816 2399 stium
839 2325 978 2399 adalia
998 2323 1176 2398 devertis·

79 2449 138 2512 se,
175 2443 294 2523 atque
320 2415 746 2498 emendrffe'obsemvi
771 2451 939 2515 errores,
977 2425 1025 2498 ab
1050 2425 1176 2525 operis

79 2525 402 2625 typographorum
433 2525 471 2594 in
502 2524 665 2600 editione
681 2525 886 2617 ¹Basileeofi
910 2526 996 2600 anni
1018 2524 1176 2624 proximi

79 2633 280 2698 elolonrr.
304 2624 533 2718 commill'os3
562 2651 670 2724 quam
687 2625 797 2716 sone,
820 2628 964 2700 exeneis
985 2627 1057 2742 jam
1074 2623 1176 2723 prio·

78 2726 192 2819 ribus,
207 2726 357 2801 demum
374 2741 508 2796 nactus
525 2722 586 2798 ell.
640 2729 892 2898 {pereffluam
911 2727 1081 2800 codicum
1100 2748 1175 2822 ope

80 2825 254 2922 Sigonius
280 2825 319 2896 in
342 2823 446 2896 bivio
467 2826 647 2898 emendae
721 2850 811 2900 usna
834 2827 900 2914 eit,
934 2825 1055 2924 ipsum
1083 2822 1174 2896 alibi

77 2923 114 2994 in
137 2923 307 2999 Sabellis
339 2923 507 3002 indicere
542 2949 619 3024 non
649 2925 807 2999 memini.
868 2931 911 3000 ln
934 2921 1173 3000 Praelationa
1225 2918 1228 2929 ’

76 3023 318 3122 generalibus
343 3029 486 3096 ιἐιιιιιιιιι
511 3025 631 3098 verbis
651 3023 824 3118 testatur,
850 3032 1175 3114 se'mnnuscriptos

78 3131 210 3212 libros,
249 3144 365 3214 quum
392 3129 572 3214 plurimos
603 3137 638 3196 st
670 3145 783 3214 quom
815 3133 969 3216 optimos
992 3133 1174 3222 potuerit,
1225 3137 1230 3149 ‘

76 3231 242 3320 undique
263 3248 493 3298 convocasse.
545 3225 674 3298 Pelles
690 3224 754 3297 lib.
774 3255 801 3300 ι.
821 3225 1016 3302 Emendat.
1039 3251 1119 3326 eep.
1140 3251 1172 3304 1.

75 3327 181 3424 qnod
218 3343 332 3424 capnt
362 3324 474 3398 etiam
505 3322 604 3400 inlre
633 3326 706 3398 hoo
738 3343 842 3400 tomo
872 3323 1056 3426 occurrit,
1084 3351 1175 3426 pro·

68 3424 188 3504 lell’ua
226 3425 309 3516 est,
365 3449 403 3496 ss
444 3430 586 3514 aliquot
626 3435 895 3520 manuscriptos
931 3433 1172 3500 Liuianorum
1300 3487 1303 3496 .

67 3531 341 3616 Epitomnrum
369 3529 550 3598 hahuisse.
603 3529 653 3600 At
677 3523 745 3600 lib.
767 3551 795 3602 1.
820 3525 1014 3602 Emendat.
1035 3551 1115 3626 cap.
1131 3551 1170 3598 ιι.

69 3645 110 3698 et
132 3627 445 3730 Disputationum
460 3621 640 3698 ·Petarin.
672 3623 735 3698 lib.
756 3657 794 3700 n.
826 3653 908 3726 pag.
928 3627 1013 3703 608.
1042 3625 1171 3724 paullo
1313 3707 1321 3721 ,

71 3727 281 3802 distinctius
301 3725 441 3800 referta
470 3731 607 3826 nrpltos
625 3749 662 3796 ae
679 3735 947 3816 nranusrriptoe
962 3733 1170 3814 inspexisse,

75 3855 118 3897 er
140 3831 363 3902 bibliothecis
385 3837 536 3897 sumtos
555 3832 608 3896 D.
619 3831 768 3900 Jonnnis
793 3831 838 3900 de
862 3831 1034 3900 Verdorio
1058 3835 1171 3898 Petu·

76 3935 131 4020 vii,
161 3938 346 4003 Diuorum
364 3931 505 4013 Morti,
532 3929 702 4016 Antonii,
722 3933 870 4002 loannis
891 3943 926 4002 et
942 3932 1049 3998 Pauli
1068 3933 1172 3998 Vene-

75 4037 148 4118 tiis,
174 4039 463 4116 multorumque
480 4033 705 4117 aminnium,
731 4055 775 4100 ne
798 4035 1034 4114 nominatim,
1065 4051 1172 4116 quem

78 4143 300 4232 Augustinus
318 4130 570 4202 Gndnldinue
589 4132 775 4220 medicus,
812 4133 958 4206 Graecis
976 4141 1011 4202 et
1028 4133 1172 4200 Latinis
