2726 4676
182 277 318 345 rxrr·⁸
461 251 950 334 'PRAEFATIO

184 495 443 557 sarcasmum,
472 497 579 562 quem
603 501 810 566 numquam
828 471 937 546 linteo
961 478 1114 562 viderat,
1138 480 1286 566 legisse,

184 595 325 658 omnes,
352 585 494 658 praeter
516 581 633 645 nescia
657 601 764 668 quem
787 589 915 663 unum',
943 577 1133 646 historicos
1155 591 1295 646 rerum·

186 679 443 744 Romanorum
461 661 621 763 errata,
650 681 805 751 dicentes
824 681 1059 768 Tarquinium
1074 679 1288 766 Superbum

178 777 297 858 fuisse
313 775 440 856 fllium
463 781 578 844 Prisci
584 805 596 865 ς
637 801 743 867 quem
764 781 1066 866 nepotem,fuisse
1085 783 1215 848 multis
1234 799 1289 846 oc

183 880 395 954 necessariis
424 882 649 974 argumentis
672 877 876 974 Dionysius
911 879 1083 950 docebat:
1119 899 1289 968 quorum

184 987 487 1066 argumentorum
517 980 653 1048 bonum
683 971 825 1066 purtim
850 985 922 1068 ipsc
950 983 1197 1072 excogitarat,
1236 985 1287 1047 ut

182 1098 290 1162 prope
311 1099 347 1144 se
362 1081 490 1165 possit,
515 1090 697 1166 quonium
720 1082 770 1148 ad
791 1095 945 1150 acumen
964 1084 1094 1174 ingenii
1113 1085 1287 1168 pertinet,

183 1180 362 1267 Dionysio
385 1197 613 1265 comparare,
639 1205 683 1248 ac
700 1185 799 1252 Liuio
815 1187 1041 1271 praeponere.
1070 1179 1166 1254 Vide
1177 1175 1285 1254 vall.

89 1343 93 1348 .
182 1271 249 1346 lib.
269 1301 302 1366 q.
329 1275 454 1351 Antid.
467 1276 507 1345 ia
520 1279 630 1374 Pogg.
648 1303 734 1377 pag.
747 1283 833 1374 3i5.
855 1297 892 1352 et
912 1277 1047 1353 similia
1065 1280 1106 1350 in
1124 1277 1286 1352 Goniut.

184 1375 309 1472 priore
329 1375 367 1446 iu
385 1375 575 1448 Benedict.
595 1379 816 1452 Mutandum
835 1405 919 1480 pag.
940 1383 1025 1476 quil.
1051 1397 1088 1451 at
1102 1384 1186 1474 454.
1210 1375 1286 1448 ubi

182 1473 293 1544 ctiam
309 1478 428 1562 iurat,
454 1481 729 1570 se'Dionysiun't
746 1497 810 1546 ses
829 1487 989 1560 amplius
1003 1495 1117 1544 annus
1138 1476 1183 1540 ab
1201 1469 1286 1538 edi-

182 1581 278 1642 tione
300 1577 568 1657 Disputotionls
594 1597 683 1644 suae
714 1597 920 1662 numquam
949 1580 985 1643 in
1012 1576 1081 1642 hac
1105 1583 1208 1660 parte
1231 1575 1288 1638 le-

183 1679 299 1766 gisae,
334 1695 445 1759 neque
468 1673 512 1742 ab
538 1677 621 1742 aliis
643 1678 828 1760 quippiam
853 1678 896 1740 rlr
917 1677 982 1742 hoc
1004 1680 1083 1744 luco
1105 1675 1286 1756 audisse,

184 1787 218 1844 et
236 1797 303 1842 sun
325 1777 440 1842 solius
461 1776 598 1864 ingenio
616 1775 758 1855 fretum
781 1797 823 1840 eo
846 1774 1063 1858 disputasse.

255 1867 523 1946 later'Vuilam
550 1896 686 1972 porro,
714 1873 752 1942 in
781 1869 913 1942 eodum
945 1866 1067 1941 adhuc
1093 1867 1288 1964 Alphonsi

184 1997 301 2068 regno
326 1997 371 2044 ao
397 1971 577 2043 comitatu
595 1973 827 2062 haerentam,
859 1988 896 2042 et
915 1955 1288 2042 AntoniumiPunor-

91 2104 93 2112 ’
186 2073 312 2142 mitum
335 2097 378 2142 uc
396 2070 892 2148 BartholomaeumFaoiam
913 2086 1040 2140 tantae
1065 2083 1290 2138 exarserunt

185 2169 425 2255 inimicitiae,
462 2187 503 2243 ut
528 2169 709 2270 pollutior
730 2170 872 2245 Vallum
892 2159 992 2242 arlico
1012 2169 1109 2240 libro
1129 2164 1286 2265 publica

186 2271 373 2367 adgreilus
397 2270 466 2364 sitq
502 2270 562 2342 cui
590 2269 726 2345 deindo
749 2269 982 2368 respondens
999 2294 1053 2340 aa
1077 2264 1287 2340 occasione

185 2370 476 2446 Emendationes
502 2368 541 2440 in
562 2371 722 2458 Livium,
757 2369 960 2470 saepissimc
983 2395 1003 2442 a
1025 2366 1112 2440 viris
1136 2365 1287 2453 doctis,

186 2487 225 2542 at
250 2495 271 2541 a
292 2497 349 2543 me
370 2470 480 2566 otium
503 2469 541 2540 in
564 2471 635 2544 hac
656 2470 821 2544 editione
842 2495 1018 2556 recusos,
1054 2466 1195 2567 publici
1221 2467 1284 2561 ju·

186 2571 239 2652 ria
261 2569 362 2642 iacit.
401 2568 615 2642 Doctiiiimo
632 2575 772 2670 Regum
785 2569 981 2669 Alphonsu
999 2568 1167 2640 solemne
1186 2581 1284 2653 arat,

187 2687 229 2740 ut
250 2694 335 2742 mox
354 2696 375 2742 a
391 2670 570 2766 prandio,
608 2672 681 2742 nisi
704 2671 874 2767 graviora
896 2669 999 2767 regni
1018 2669 1169 2764 negotia
1187 2664 1288 2736 invi·

188 2785 265 2840 tum
289 2769 363 2842 alio
385 2785 605 2857 avocarent,
643 2771 680 2842 in
708 2788 894 2842 conventu
923 2769 1130 2841 aulicorum
1159 2764 1287 2838 omnis

187 2869 353 2965 gruaria,
383 2892 477 2965 quos
498 2893 626 2940 mansa
643 2871 859 2970 ,ascoperam
886 2887 1170 2966 oeterorumque
1189 2863 1289 2936 ami·

188 2993 340 3050 corum,
368 2967 531 3064 quibus,
557 2985 597 3040 ut
621 2969 740 3041 adalia
764 2970 926 3066 pollent,
952 2968 1193 3068 permiserat,
1219 2987 1289 3036 vo·

186 3068 279 3141 teria
304 3067 497 3165 scriptoris
519 3067 653 3140 librum
678 3069 872 3166 abaliquo
897 3069 1148 3154 litaniarum,
1184 3089 1288 3163 quos

188 3165 292 3246 circa
312 3191 352 3238 so
372 3167 497 3266 pluras
520 3167 699 3254 habebat,
728 3168 892 3266 praelegi
914 3170 1070 3270 juberet.
1108 3173 1210 3240 luter
1232 3166 1292 3237 la-

188 3266 351 3364 gandum
372 3286 459 3340 raro
482 3286 558 3339 nou
580 3267 661 3369 ipse
683 3268 796 3341 modo
818 3269 865 3340 da
886 3271 961 3355 his,
981 3293 1077 3367 quaa
1095 3265 1288 3353 audiebat.

189 3363 410 3441 senteutiam
426 3365 560 3456 dicere,
589 3383 652 3440 aut
671 3368 719 3438 de'
735 3394 823 3444 vero
836 3369 1033 3442 verborum
1047 3393 1158 3442 sensu
1172 3389 1292 3464 qaue·

189 3463 326 3538 stiones
349 3488 559 3565 proponere
582 3467 750 3561 amabat3
778 3469 846 3544 scd
868 3470 1039 3544 omnibus
1060 3469 1191 3550 etiam,
1219 3463 1291 3564 qui

190 3564 343 3639 lectioni
365 3565 587 3652 intererant,
613 3568 690 3641 aive
712 3569 869 3657 medici,
894 3572 968 3642 sira
985 3567 1209 3668 jurisperiti,
1235 3567 1292 3638 si·

190 3689 236 3738 ra
262 3665 328 3735 viri
355 3665 530 3740 militares
559 3667 702 3761 forant,
737 3669 902 3745 camdem
924 3667 1141 3770 potestatem
1166 3665 1293 3736 indul-

191 3763 318 3862 gabat,
346 3782 386 3835 ut
404 3789 472 3862 pro
492 3765 685 3856 facultate,
711 3795 785 3868 qua
806 3769 965 3865 quisquo
984 3767 1166 3868 pollebat,
1192 3791 1291 3864 quo·

191 3863 338 3962 alesque
356 3865 507 3942 molaria
526 3869 780 3954 succurrebat,
802 3869 983 3956 dicarent,
1002 3865 1186 3966 quidquid
1203 3889 1292 3938 sun·

192 3963 324 4046 stram,
359 3988 435 4036 non
457 3981 600 4040 tantum
620 3969 667 4042 da
685 3969 844 4066 genuino
866 3966 1061 4068 scriptoris
1083 3964 1288 4051 intellectu,

193 4063 260 4147 etti
279 4063 391 4145 etiam
411 4064 442 4138 si
465 4065 556 4172 quid
575 4066 614 4146 iu
634 4069 756 4150 rarbia
776 4085 993 4178 corruptum
1015 4091 1144 4145 manus
1163 4087 1289 4146 emon·
